<?xml version="1.0" encoding="UTF-8"?><collection xmlns="http://www.loc.gov/MARC21/slim">
  <record>
    <leader>00000nam a2200000 a 4500</leader>
    <controlfield tag="008">210615s1805####|||||||||||||||||#||####u</controlfield>
    <datafield tag="050" ind1=" " ind2=" ">
      <subfield code="a">094.1(498); 811.135.1'36-112</subfield>
    </datafield>
    <datafield tag="100" ind1=" " ind2=" ">
      <subfield code="a">Şincai, Gheorghe</subfield>
    </datafield>
    <datafield tag="245" ind1="1" ind2="0">
      <subfield code="a">Elementa Linguae Daco - Romanae sive Valachicae emendata, facilitata, et in meliorem ordinem redacta per Georgium Sinkay de Eadem, AA. LL. Philosophiae, &amp; SS. Theologiae Doctorem, Scholarum Nationalium Valachicarum in Magno Transylvaniae Principatu primum, atque emeritum Directorem, nunc penes Regiam Universitatis Pestanae Typographiam Typi Correctorem. Budae, Typis Regiae Universitatis Pestanae. 1805.</subfield>
      <subfield code="c">Georgium Sinkai</subfield>
      <subfield code="h">[Carte tipărită]</subfield>
    </datafield>
    <datafield tag="260" ind1=" " ind2=" ">
      <subfield code="a">Buda</subfield>
      <subfield code="b">Typis Regiae Universitatis Pestanae</subfield>
      <subfield code="c">1805</subfield>
    </datafield>
    <datafield tag="300" ind1=" " ind2=" ">
      <subfield code="a">110 p. ; 19 cm</subfield>
    </datafield>
    <datafield tag="500" ind1=" " ind2=" ">
      <subfield code="a">Legătura: carton recent. Însemnări: p. 58: Papp Teodorovici Observații: pe pagina de titlu r: ștampilă cu textul „B. R. V.”; mic ornament tipografic pe partea superioară a paginii de titlu r; este colligat cu lucrarea: Gheorghe Șincai, Epistola, Buda, 1804.</subfield>
    </datafield>
    <datafield tag="650" ind1=" " ind2=" ">
      <subfield code="a">carte românească veche</subfield>
    </datafield>
    <datafield tag="650" ind1=" " ind2=" ">
      <subfield code="a">lingvistică</subfield>
    </datafield>
    <datafield tag="650" ind1=" " ind2=" ">
      <subfield code="a">limba română</subfield>
    </datafield>
    <datafield tag="650" ind1=" " ind2=" ">
      <subfield code="a">gramatică</subfield>
    </datafield>
    <datafield tag="650" ind1=" " ind2=" ">
      <subfield code="a">gramatică istorică</subfield>
    </datafield>
    <datafield tag="650" ind1=" " ind2=" ">
      <subfield code="a">morfologie</subfield>
    </datafield>
    <datafield tag="856" ind1=" " ind2=" ">
      <subfield code="u">http://www.dspace.bjastrasibiu.ro/bitstream/123456789/10673/1/BJA_CS_000101_BRV_0001-0118.pdf</subfield>
    </datafield>
    <datafield tag="995" ind1=" " ind2=" ">
      <subfield code="a">Colecţii Speciale - BRV</subfield>
      <subfield code="D">0.01</subfield>
      <subfield code="e">BRV101</subfield>
      <subfield code="F">Sediul_Central_A</subfield>
      <subfield code="j">687a BRV</subfield>
      <subfield code="U">Available</subfield>
      <subfield code="W">Jun 15, 2021</subfield>
      <subfield code="y">BRV101</subfield>
      <subfield code="Z">Împrumut la Sala</subfield>
    </datafield>
  </record>