
  <record>
    <leader>00000nam a2200000 a 4500</leader>
    <controlfield tag="008">210527s1718####|||||||||||||||||#||####u</controlfield>
    <datafield tag="050" ind1=" " ind2=" ">
      <subfield code="a">238.1:282; 094.1(430)</subfield>
    </datafield>
    <datafield tag="100" ind1=" " ind2=" ">
      <subfield code="a">Krieger, Sinesius</subfield>
    </datafield>
    <datafield tag="245" ind1="1" ind2="0">
      <subfield code="a">Quaestiones theologicae im – et opportunae de fide ad mentem doctoris subtilis publicae concertationi expositae in nostro Studio Generali. Sub Capitulo intermedio hic Ingolstadij celebrato. Praeside P. F. Sinesio Krieger, Ord. Min. S. Francisci Reform. SS. Theologiae Lectore Ordinario. Defendentibus P. F. Ubertino Heeg, F. Ildephonso Tausch, F. Bernardo Haiak, SS. Theologiae Studiosis. Die 14. Mensis Septembris Anno 1718. Horis antee &amp; pomeridianis.... Ingolstadii, Typis Thomae Grass, Typogr. Acad.</subfield>
      <subfield code="c">Sinesius Krieger</subfield>
      <subfield code="h">[Carte tipărită]</subfield>
    </datafield>
    <datafield tag="260" ind1=" " ind2=" ">
      <subfield code="a">Ingolstadt</subfield>
      <subfield code="b">Typis Thomae Grass, Typogr. Acad.</subfield>
      <subfield code="c">1718</subfield>
    </datafield>
    <datafield tag="300" ind1=" " ind2=" ">
      <subfield code="a">104 p., 6 p. ; 16 cm</subfield>
    </datafield>
    <datafield tag="500" ind1=" " ind2=" ">
      <subfield code="a">Legătură: coperți de carton marmorat cu cotor deteriorat; paginile sunt pătate și au custode în dreapta Însemnări: pe pagina de titlu: „Conv. Cibiniensis”. Observații: pe pagina de titlu și pe ultima pagina - sub text: ștampilă ovală cu textul: „Biblioteca Astra Sibiu”.  </subfield>
    </datafield>
    <datafield tag="650" ind1=" " ind2=" ">
      <subfield code="a">carte străină veche</subfield>
    </datafield>
    <datafield tag="650" ind1=" " ind2=" ">
      <subfield code="a">biserica catolica</subfield>
    </datafield>
    <datafield tag="650" ind1=" " ind2=" ">
      <subfield code="a">catehism</subfield>
    </datafield>
    <datafield tag="650" ind1=" " ind2=" ">
      <subfield code="a">teologie</subfield>
    </datafield>
    <datafield tag="856" ind1=" " ind2=" ">
      <subfield code="u">http://www.dspace.bjastrasibiu.ro/bitstream/123456789/10664/1/BJA_CS_003244_CSV_0001-0118.pdf</subfield>
    </datafield>
    <datafield tag="995" ind1=" " ind2=" ">
      <subfield code="a">Colecţii Speciale - CS</subfield>
      <subfield code="D">0.01</subfield>
      <subfield code="e">CS3244</subfield>
      <subfield code="F">Sediul_Central_A</subfield>
      <subfield code="j">2002 SIV</subfield>
      <subfield code="U">Available</subfield>
      <subfield code="W">May 27, 2021</subfield>
      <subfield code="y">CS3244</subfield>
      <subfield code="Z">Împrumut la Sala</subfield>
    </datafield>
  </record>