
  <record>
    <leader>00000nam a2200000 a 4500</leader>
    <controlfield tag="008">201015s1737####|||||||||||||||||#||####u</controlfield>
    <datafield tag="050" ind1=" " ind2=" ">
      <subfield code="a">271.3(094)(498.4); 094.1(498.4)</subfield>
    </datafield>
    <datafield tag="100" ind1=" " ind2=" ">
      <subfield code="a">Györffi Pal</subfield>
    </datafield>
    <datafield tag="245" ind1="1" ind2="0">
      <subfield code="a">Ortus, Progressus, Vicissitudines, Excisio, et Restauratio, olim custodiae, nunc ab anno M. DCC. XXIX. Provinciae Transylvaniae Ord. Min. S. P. N. Francisci Strict Observ. Tituli S. Regis Stephani ex Gravissimis, Fideque dignis Authoritatibus clara, ac succinta methodo compilatus, primum in Urbe Orbis capite revisus, castigatus, approbatus, et excusus Typis Reverendae Camerae Apostolicae. eX Vrbe septICoLLe ReDVX oMIne FaVsto Hac secunda editione sub Gratiosissimus auspiciis [...] domini Joannis Haller ...</subfield>
      <subfield code="c">[Györffi Pál] ; Editor: Joannis Haller</subfield>
      <subfield code="h">[Carte tipărită]</subfield>
    </datafield>
    <datafield tag="250" ind1=" " ind2=" ">
      <subfield code="a">Ed. a 2-a</subfield>
    </datafield>
    <datafield tag="260" ind1=" " ind2=" ">
      <subfield code="a">Csíksomlyó [Șumuleu-Ciuc]</subfield>
      <subfield code="b">Typis Ven. Conventus Csikiensis</subfield>
      <subfield code="c">[1737]</subfield>
    </datafield>
    <datafield tag="300" ind1=" " ind2=" ">
      <subfield code="a">[8] p., 51 p., [1] p. ; 20 cm</subfield>
    </datafield>
    <datafield tag="500" ind1=" " ind2=" ">
      <subfield code="a">Legătura:  coperți din carton, colțurile acestora fiind îmbrăcate în piele; cotorul este învelit în piele de culoare maro și are trei nervuri; paginile, pătate, au custode în dreapta. Observații: pe ultima pagină - ștampilă ovală cu textul: „Biblioteca Astra Sibiu”; vinietă finală la p. 10 și p. 31.Colligat cu lucrarea: Ortus et Progressus Sacri Ordinis Fratrum Minorum S. P. N. Francisci. Annis DXXV. perdurantis Ex Bullis Pontificiis, ac Probatissimis Authoribus ab A. R.P. Fr. Massaeo Kresslinger, Ord. Min. Strict. Observ. Lectore Jubilato, ac Provinciae Bavariae iterato Ex-Provinciali compendiose coscriptus, qui Altera Hac Editione Sub Gratiosissimis Auspiciis Excellentissimi D. Comitis, Domini Joannis Haller De Hallerstein, Sac. Caes. Regiaeque Cathol. Majest. Camerarii Status ejusdem Actualis, &amp; Intimi Consiliarii Principatus Transylvaniae, Partiumq; Hungariae eidem annexarum Regio-Principalis Gubernatoris, nec non Fratrum Minor. Strict. Observ. dicti Principatus Supremi Syndici Apostolici, Mecoenatis Munificentissimi, &amp; Colendissimi, nomine Provinciae Transylvaniae lucem pulicam aspicit. Cum Superiorum, ac Authoris expresso consensu excusus. Claudiopoli, Typis Academicis Societatis Jesu, per Simonem Thadaeum Weichenberg, Anno M. DCC. XXXVI. Titlu paralel: Ortus et progressus Sacri Ordinis Fratrumminorum S. P. N. Francisci. Dum Theses ex Universa Theologia ad Mentem Doctoris Mariano-subtilis Joannis Duns-Scoti sub Sacratissimis Auspiciis S. &amp; Apostolici Regis Hungariae Stephani, Provinciae Transylvaniae Fratrum Minorum S. P. Francisci Strict. Observantiae. Titularis Patroni In Conventu Vetero-Claudiopolitano ad Nives Marianas publicŐ propugnarent. PP. FF. Martinus Peterffi et Gabriel Csato Ord. S. P. N. Francisci Strictioris Observantiae AA. LL. &amp; Philosophiae Lectores Candidati. Praeside P. F. Matthaeo Sükösd. ejusd. Ord. &amp; Inst. SS. Theologiae Lectore Ordinario. Auditoribus oslatus. Anno reparate Salutis Humana MDCCXLV. Die 30 Junii. Claudiopoli Typis Acasemicis Societatis Jesu per Michaëlem Becskereki.</subfield>
    </datafield>
    <datafield tag="650" ind1=" " ind2=" ">
      <subfield code="a">Transilvanice</subfield>
    </datafield>
    <datafield tag="650" ind1=" " ind2=" ">
      <subfield code="a">istoria Transilvaniei</subfield>
    </datafield>
    <datafield tag="650" ind1=" " ind2=" ">
      <subfield code="a">ordine călugăreşti</subfield>
    </datafield>
    <datafield tag="650" ind1=" " ind2=" ">
      <subfield code="a">biserica catolica</subfield>
    </datafield>
    <datafield tag="650" ind1=" " ind2=" ">
      <subfield code="a">franciscani</subfield>
    </datafield>
    <datafield tag="650" ind1=" " ind2=" ">
      <subfield code="a">ordine religioase</subfield>
    </datafield>
    <datafield tag="995" ind1=" " ind2=" ">
      <subfield code="a">Colecţii Speciale - Transilvanice</subfield>
      <subfield code="D">0.01</subfield>
      <subfield code="e">T0083B</subfield>
      <subfield code="F">Sediul_Central_A</subfield>
      <subfield code="j">271 T1</subfield>
      <subfield code="U">Available</subfield>
      <subfield code="W">Oct 20, 2020</subfield>
      <subfield code="y">T0083B</subfield>
      <subfield code="Z">Împrumut la Sala</subfield>
    </datafield>
  </record>