
  <record>
    <leader>00000nam a2200000 a 4500</leader>
    <controlfield tag="008">201009s1818####|||||||||||||||||#||####u</controlfield>
    <datafield tag="050" ind1=" " ind2=" ">
      <subfield code="a">821.134.3-13"15"</subfield>
    </datafield>
    <datafield tag="100" ind1=" " ind2=" ">
      <subfield code="a">Camoes, Luis de</subfield>
    </datafield>
    <datafield tag="245" ind1="1" ind2="0">
      <subfield code="a">Os Lusiadas : poema - Vol. 1</subfield>
      <subfield code="c">Luis de Camoẽs ; segundo e legitimo texto</subfield>
      <subfield code="h">[Carte tipărită]</subfield>
    </datafield>
    <datafield tag="260" ind1=" " ind2=" ">
      <subfield code="a">Avinhaõ (Avignon)</subfield>
      <subfield code="b">Officina de Francisco Seguiy (François Seguin)</subfield>
      <subfield code="c">1818</subfield>
    </datafield>
    <datafield tag="300" ind1=" " ind2=" ">
      <subfield code="a">LII, 272 p. ; 15 cm</subfield>
    </datafield>
    <datafield tag="650" ind1=" " ind2=" ">
      <subfield code="a">literatură portugheză</subfield>
    </datafield>
    <datafield tag="650" ind1=" " ind2=" ">
      <subfield code="a">literatură</subfield>
    </datafield>
    <datafield tag="650" ind1=" " ind2=" ">
      <subfield code="a">poeme epice</subfield>
    </datafield>
    <datafield tag="650" ind1=" " ind2=" ">
      <subfield code="a">versuri</subfield>
    </datafield>
    <datafield tag="995" ind1=" " ind2=" ">
      <subfield code="a">Colecții Speciale - Carte bibliofilă</subfield>
      <subfield code="D">0.01</subfield>
      <subfield code="e">CB0294</subfield>
      <subfield code="F">Sediul_Central_A</subfield>
      <subfield code="j">294 CB</subfield>
      <subfield code="U">Available</subfield>
      <subfield code="W">Oct 9, 2020</subfield>
      <subfield code="y">CB0294</subfield>
      <subfield code="Z">Împrumut la Sala</subfield>
    </datafield>
  </record>