
  <record>
    <leader>00000nam a2200000 a 4500</leader>
    <controlfield tag="008">201007s1820####|||||||||||||||||#||####u</controlfield>
    <datafield tag="050" ind1=" " ind2=" ">
      <subfield code="a">241.8; 281.95; 094.1(498)</subfield>
    </datafield>
    <datafield tag="245" ind1="0" ind2="0">
      <subfield code="a">Învăţătură teologicească despre năravurile şi detoriile oamenilor creştini pentru trebuinţa candidaţilor de preoţie ne–uniţi. Acum întâia oară tipărită cu blagoslovenia Preaosfinţii Sale domnului Vasilie Moga Episcopului de lege grecească ne-unită din Ardeal. Sibiu în Tipografia lui Ioann Bart. 1820</subfield>
      <subfield code="h">[Carte tipărită]</subfield>
    </datafield>
    <datafield tag="260" ind1=" " ind2=" ">
      <subfield code="a">Sibiiu</subfield>
      <subfield code="b">Tipografia lui Ioann Bart</subfield>
      <subfield code="c">1820</subfield>
    </datafield>
    <datafield tag="300" ind1=" " ind2=" ">
      <subfield code="a">p. 5-100, p. 1-300, p. 5-36, [6] f., 14 p. ; 18 cm</subfield>
    </datafield>
    <datafield tag="500" ind1=" " ind2=" ">
      <subfield code="a">Legătura: carton învelit în piele deteriorat. Însemnări: p. 64: „Înălţine si [...] rău; p. 65: „vorbă de obste adeseori”. Observaţii: exemplar incomplet, lipsesc: 1 filă de la începutul părţii a doua, p. 11-12, 29-30, 35-38, 63-64, 87-88, 91-92, 173-186, 219-220, 301-308 (partea a doua), 2 file nenumerotate şi p. 1-4 şi 16-21 (Spiţele de rudenie - partea a treia); coperta 3, textul: Anticariat Sibiu 150 lei.</subfield>
    </datafield>
    <datafield tag="650" ind1=" " ind2=" ">
      <subfield code="a">carte românească veche</subfield>
    </datafield>
    <datafield tag="650" ind1=" " ind2=" ">
      <subfield code="a">teologie morală</subfield>
    </datafield>
    <datafield tag="650" ind1=" " ind2=" ">
      <subfield code="a">Biserica Ortodoxa Româna</subfield>
    </datafield>
    <datafield tag="650" ind1=" " ind2=" ">
      <subfield code="a">teologie</subfield>
    </datafield>
    <datafield tag="995" ind1=" " ind2=" ">
      <subfield code="a">Colecţii Speciale - BRV</subfield>
      <subfield code="D">0.01</subfield>
      <subfield code="e">BRV288</subfield>
      <subfield code="F">Sediul_Central_A</subfield>
      <subfield code="j">1075 BRV</subfield>
      <subfield code="U">Available</subfield>
      <subfield code="W">Oct 7, 2020</subfield>
      <subfield code="y">BRV288</subfield>
      <subfield code="Z">Împrumut la Sala</subfield>
    </datafield>
  </record>