
  <record>
    <leader>00000nam a2200000 a 4500</leader>
    <controlfield tag="008">201006s1755####|||||||||||||||||#||####u</controlfield>
    <datafield tag="050" ind1=" " ind2=" ">
      <subfield code="a">238.1; 281.95:282; 094.1(498)</subfield>
    </datafield>
    <datafield tag="245" ind1="0" ind2="0">
      <subfield code="a">Învăţătură creştinească prin întrebări și răspunsuri, pentru procopseala școalelor și adăpostirea lipsiţilor. Acum întâiu tipărită cu blagoslovenia Prea O Sfinţitului Chiriu Chir: P: Pavel Aaron Vlădicul Făgăraşului. În Mănăstirea Sfintei Troiţă dela Blaj. Martie: 6 1755.</subfield>
      <subfield code="c">Editor: Pavel Aaron</subfield>
      <subfield code="h">[Carte tipărită]</subfield>
    </datafield>
    <datafield tag="260" ind1=" " ind2=" ">
      <subfield code="a">Blaj</subfield>
      <subfield code="b">Mănăstirea Sfintei Troițe</subfield>
      <subfield code="c">1755</subfield>
    </datafield>
    <datafield tag="300" ind1=" " ind2=" ">
      <subfield code="a">[2] f., 82 f., [8] f., 28 f. ; 16 cm</subfield>
    </datafield>
    <datafield tag="500" ind1=" " ind2=" ">
      <subfield code="a">Legătura: coperţi din carton marmorat; cotorul legat în piele. Observaţii: pagina de titlu este încadrată în chenar negru; pe verso-ul paginii de titlu gravură reprezentând Mănăstirea de la Blaj, semnată „Vlaicu”. Dedesubtul ei - textul: „Troiţii sau numit Hramul ca să păzească tot neamul”; pe recto-ul forzaț 1: ştampilă dreptunghiulară cu textul Biblioteca „Astrei” (Asociaţiunea pentru lit. rom. şi cultura poporului român). Centrala Sibiu. Nr. 331 I. Vinietă inițială la p. 1. Sub textul ultimei pagini - vinietă finală.</subfield>
    </datafield>
    <datafield tag="650" ind1=" " ind2=" ">
      <subfield code="a">teologie</subfield>
    </datafield>
    <datafield tag="650" ind1=" " ind2=" ">
      <subfield code="a">biserica greco-catolica</subfield>
    </datafield>
    <datafield tag="650" ind1=" " ind2=" ">
      <subfield code="a">catehism</subfield>
    </datafield>
    <datafield tag="650" ind1=" " ind2=" ">
      <subfield code="a">carte românească veche</subfield>
    </datafield>
    <datafield tag="995" ind1=" " ind2=" ">
      <subfield code="a">Colecţii Speciale - BRV</subfield>
      <subfield code="D">0.01</subfield>
      <subfield code="e">BRV060</subfield>
      <subfield code="F">Sediul_Central_A</subfield>
      <subfield code="j">114/IV BRV</subfield>
      <subfield code="U">Available</subfield>
      <subfield code="W">Oct 6, 2020</subfield>
      <subfield code="y">BRV060</subfield>
      <subfield code="Z">Împrumut la Sala</subfield>
    </datafield>
  </record>