
  <record>
    <leader>00000nam a2200000 a 4500</leader>
    <controlfield tag="008">201006s1804####|||||||||||||||||#||####u</controlfield>
    <datafield tag="050" ind1=" " ind2=" ">
      <subfield code="a">23; 281.95:282; 094.1(498)</subfield>
    </datafield>
    <datafield tag="245" ind1="0" ind2="0">
      <subfield code="a">Teologhie Dogmatică după învățătura bunilor credincioși dascăli întocmită, cu mărturii din S: Scriptură, și din Ss: Părinți întărită spre învățătura clerului celui tânăr rumânesc așăzată și tipărită. Cu blagoslovenia Excelenţii Sale Prea Luminatului, și prea Osfinţitului Domnului Domn. Ioann Bobb. Vlădicul Făgăraşului. Şi a Prea Înălţatei Cesaro Crăeştii Mărimi Sfetnic din lăuntru. Cartea întâie. În Blaj la Mitropolie. Anul 1804. Cu tipariul Seminariului.</subfield>
      <subfield code="c">Editor: Ioann Bobb</subfield>
      <subfield code="h">[Carte tipărită]</subfield>
    </datafield>
    <datafield tag="260" ind1=" " ind2=" ">
      <subfield code="a">Blaj</subfield>
      <subfield code="b">Tipariul Seminariului</subfield>
      <subfield code="c">1804</subfield>
    </datafield>
    <datafield tag="300" ind1=" " ind2=" ">
      <subfield code="a">[1] f. 10 p., [1] f., 402 p. ; 17 cm</subfield>
    </datafield>
    <datafield tag="500" ind1=" " ind2=" ">
      <subfield code="a">Greşeli de paginaţie: p. 22 e numerotată 20. Legătura: carton recent; cotorul legat în piele. Paginile au custode. Însemnări: coperta 2: o serie de socoteli; pe recto-ul forzaț; 1: [...] aceasta [...] cealalata tomul; Sau dat afară şi [...] tomul; pe verso-ul forzaț 1: „[...] când fariseii şi Apostolii lui Hs pentru al tămădui bolnavi săm vada iară Hs aşa le răspundea [...]”; recto-ul forzaț 2: încercări de condei; verso-ul forzaț 2: „Anu 1828. Am în vățat eu [...] dintră ceastu [...] în postul Crăciunului”. Observaţii: pe foaia de titlu apare greşit „cartea întâie”, fiind vorba de volumul al doilea; între p. 3-4 de la începutul cărţii există o pagină nenumerotată; ştampilă de formă dreptunghiulară cu textul: Biblioteca „Astrei” (Asociaţiunea pentru lit. rom. şi cultura poporului român). Pe recto-ul forzaț 1: Centrala Sibiu Nr. cărţii. Vinietă de frontispiciu la p. 1 și la p.  243. Numerotare cu litere chirilice.</subfield>
    </datafield>
    <datafield tag="650" ind1=" " ind2=" ">
      <subfield code="a">teologie</subfield>
    </datafield>
    <datafield tag="650" ind1=" " ind2=" ">
      <subfield code="a">teologie dogmatică</subfield>
    </datafield>
    <datafield tag="650" ind1=" " ind2=" ">
      <subfield code="a">biserica greco-catolica</subfield>
    </datafield>
    <datafield tag="650" ind1=" " ind2=" ">
      <subfield code="a">carte veche românească</subfield>
    </datafield>
    <datafield tag="995" ind1=" " ind2=" ">
      <subfield code="a">Colecţii Speciale - BRV</subfield>
      <subfield code="D">0.01</subfield>
      <subfield code="e">BRV103</subfield>
      <subfield code="F">Sediul_Central_A</subfield>
      <subfield code="j">675 BRV</subfield>
      <subfield code="U">Available</subfield>
      <subfield code="W">Oct 6, 2020</subfield>
      <subfield code="y">BRV103</subfield>
      <subfield code="Z">Împrumut la Sala</subfield>
    </datafield>
  </record>