
  <record>
    <leader>00000nam a2200000 a 4500</leader>
    <controlfield tag="008">201006s1811####|||||||||||||||||#||####u</controlfield>
    <datafield tag="050" ind1=" " ind2=" ">
      <subfield code="a">23; 281.95:282; 094.1(498)</subfield>
    </datafield>
    <datafield tag="245" ind1="0" ind2="0">
      <subfield code="a">Teologhie Dogmatică după învățătura bunilor credincioși dascăli întocmită, cu mărturii din S: Scriptură, și din Ss: Părinți întărită spre învățătura clerului celui tânăr rumânesc așăzată și tipărită. Cu blagoslovenia Excelenţii Sale Prea Luminatului, și prea Osfinţitului Domnului Domn. Ioann Bobb. Vlădicul Făgăraşului. Şi a Prea Înălţatei Cesaro Crăeştii Mărimi Sfetnic din lăuntru, și a mărit ordului al II. Leopold Comendator. Cartea a doao. În Blaj la Mitropolie. Anul 1811. Cu tipariul Seminariului.</subfield>
      <subfield code="c">Editor: Ioann Bobb</subfield>
      <subfield code="h">[Carte tipărită]</subfield>
    </datafield>
    <datafield tag="260" ind1=" " ind2=" ">
      <subfield code="a">Blaj</subfield>
      <subfield code="b">Tipariul Seminariului</subfield>
      <subfield code="c">1811</subfield>
    </datafield>
    <datafield tag="300" ind1=" " ind2=" ">
      <subfield code="a">[1] f., 478 p. ; 17 cm</subfield>
    </datafield>
    <datafield tag="500" ind1=" " ind2=" ">
      <subfield code="a">Legătura: coperta 1 a fost confecţionată prin lipirea mai multor file ale unei cărţi româneşti vechi; coperta 2: carton recent; cotorul legat în piele, cu trei nervuri. Paginile au custode. Însemnări: recto-ul forzaț 1 : „Dintră cărţile lui Mathei Majer ano 824 die 12 Ma candidadu la preoţie în [...]; [...] Mathei Majer [...] Această cartie iaste a lui Mathei Majer [...]”; verso forzaț 1: „Înpărate minunate şi [...] Înperate al ceriului şi Domn al pământului dăne noao celor ce [...] preoţia să o lom ca să fim spre bună pildă tuturor fiind oglindă şi cei ce să vor uita şi la noi var căuta pildă [...] toţi să ştie ca nici unul să nu ştie ci toţi să să mântuească şi în viaţa (?) mucenicească cu toţi să [...] şi pre Dumnezeu să [...] amin”; fila de titlu v: însemnare ilizibilă; p. 61: La anul acesta 1845 au fost toată iarna cald. Ienuarie 23 au plouat ploae caldă. Observaţii: pe recto-ul forzaț 1 - ştampilă de formă dreptunghiulară cu textul: Biblioteca „Astrei” (Asociaţiunea pentru lit. rom. şi cultura poporului român). Centrala Sibiu Nr. Numerotarea paginilor cu caractere chirilice. Sunt rupte p. 107 și p. 353. Vinietă inițială la p. 1, p. 63, p. 104, p. 233 și p. 422. Vinietă finală la p. 103, p. 421 și p. 478.</subfield>
    </datafield>
    <datafield tag="650" ind1=" " ind2=" ">
      <subfield code="a">teologie</subfield>
    </datafield>
    <datafield tag="650" ind1=" " ind2=" ">
      <subfield code="a">biserica greco-catolica</subfield>
    </datafield>
    <datafield tag="650" ind1=" " ind2=" ">
      <subfield code="a">teologie dogmatică</subfield>
    </datafield>
    <datafield tag="650" ind1=" " ind2=" ">
      <subfield code="a">carte veche românească</subfield>
    </datafield>
    <datafield tag="995" ind1=" " ind2=" ">
      <subfield code="a">Colecţii Speciale - BRV</subfield>
      <subfield code="D">0.01</subfield>
      <subfield code="e">BRV104</subfield>
      <subfield code="F">Sediul_Central_A</subfield>
      <subfield code="j">675 BRV</subfield>
      <subfield code="U">Available</subfield>
      <subfield code="W">Oct 6, 2020</subfield>
      <subfield code="y">BRV104</subfield>
      <subfield code="Z">Împrumut la Sala</subfield>
    </datafield>
  </record>