
  <record>
    <leader>00000nam a2200000 a 4500</leader>
    <controlfield tag="008">201006s1804####|||||||||||||||||#||####u</controlfield>
    <datafield tag="050" ind1=" " ind2=" ">
      <subfield code="a">23; 281.95:282; 094.1(498)</subfield>
    </datafield>
    <datafield tag="245" ind1="0" ind2="0">
      <subfield code="a">Teologhie Dogmatică după învățătura bunilor credincioși dascăli întocmită, cu mărturii din S: Scriptură, și din Ss: Părinți întărită spre învățătura clerului celui tânăr rumânesc așăzată și tipărită. Cu blagoslovenia Excelenţii Sale Prea Luminatului, și prea Osfinţitului Domnului Domn. Ioann Bobb. Vlădicul Făgăraşului. Şi a Prea Înălţatei Cesaro Crăeştii Mărimi Sfetnic din lăuntru. Cartea întâie. În Blaj la Mitropolie. Anul 1804. Cu tipariul Seminariului.</subfield>
      <subfield code="c">Editor: Ioann Bobb</subfield>
      <subfield code="h">[Carte tipărită]</subfield>
    </datafield>
    <datafield tag="260" ind1=" " ind2=" ">
      <subfield code="a">Blaj</subfield>
      <subfield code="b">Tipariul Seminariului</subfield>
      <subfield code="c">1804</subfield>
    </datafield>
    <datafield tag="300" ind1=" " ind2=" ">
      <subfield code="a">[1] filă, [12] p., 471 p. ; 17 cm</subfield>
    </datafield>
    <datafield tag="500" ind1=" " ind2=" ">
      <subfield code="a">Greşeli de paginaţie: p. nenumerotată între p. 3 - 4; p. 256 e numerotată 246; după p. 264 urmează o pagină nenumerotată; lipseşte p. 267, reluându-se numerotarea cu p. 268; nu prezintă greşeala de numerotare (404 pentru 424) prezentată în descrierea din volumul Râpă Buicliu, 2000, p. 358. Legătura: carton recent; cotorul legat în piele, cu trei nervuri. Paginile su custode. Însemnări: coperta 2: textul: „Ex-libris Ioannis [...] moldovan”; pe recto-forzaț 1: „Basilii Moldovan Moralisto 1844”; p. 10 v: „Ex libris Joannis [...]”; forzaț 2: încercări de condei. Observaţii: ştampilă de formă dreptunghiulară cu textul: Biblioteca „Astrei” (Asociaţiunea pentru lit. rom. şi cultura poporului român). Centrala Sibiu Nr. III 8175 pe recto forzaț 1; p. 4 de la începutul cărţii nu este numerotată (greşeală nemenţionată în BRV). Vinietă de frontispiciu la p. 1 și la p. 235. Vinietă finală, pe ultima pagină, sub text. Numerotare cu caractere chirilice.</subfield>
    </datafield>
    <datafield tag="650" ind1=" " ind2=" ">
      <subfield code="a">teologie</subfield>
    </datafield>
    <datafield tag="650" ind1=" " ind2=" ">
      <subfield code="a">teologie dogmatică</subfield>
    </datafield>
    <datafield tag="650" ind1=" " ind2=" ">
      <subfield code="a">biserica greco-catolica</subfield>
    </datafield>
    <datafield tag="650" ind1=" " ind2=" ">
      <subfield code="a">carte veche românească</subfield>
    </datafield>
    <datafield tag="995" ind1=" " ind2=" ">
      <subfield code="a">Colecţii Speciale - BRV</subfield>
      <subfield code="D">0.01</subfield>
      <subfield code="e">BRV102</subfield>
      <subfield code="F">Sediul_Central_A</subfield>
      <subfield code="j">675 BRV</subfield>
      <subfield code="U">Available</subfield>
      <subfield code="W">Oct 6, 2020</subfield>
      <subfield code="y">BRV102</subfield>
      <subfield code="Z">Împrumut la Sala</subfield>
    </datafield>
  </record>