
  <record>
    <leader>00000nam a2200000 a 4500</leader>
    <controlfield tag="008">201006s1800####|||||||||||||||||#||####u</controlfield>
    <datafield tag="050" ind1=" " ind2=" ">
      <subfield code="a">23; 281.95:282; 094.1(498)</subfield>
    </datafield>
    <datafield tag="245" ind1="0" ind2="0">
      <subfield code="a">Teologhie Dogmatică după învățătura bunilor credincioși dascăli întocmită, cu mărturii din S: Scriptură, și din Ss: Părinți întărită spre învățătura clerului celui tânăr rumânesc așăzată și tipărită. Cu blagoslovenia Excelenţii Sale Prea Luminatului, și prea Osfinţitului Domnului Domn. Ioann Bobb. Vlădicul Făgăraşului. Şi a Prea Înălţatei Cesaro Crăeştii Mărimi Sfetnic din lăuntru</subfield>
      <subfield code="c">Editor: Ioann Bobb</subfield>
      <subfield code="h">[Carte tipărită]</subfield>
    </datafield>
    <datafield tag="260" ind1=" " ind2=" ">
      <subfield code="a">Blaj</subfield>
      <subfield code="b">Tipariul Seminariului</subfield>
      <subfield code="c">180-</subfield>
    </datafield>
    <datafield tag="300" ind1=" " ind2=" ">
      <subfield code="a">vol.</subfield>
    </datafield>
    <datafield tag="650" ind1=" " ind2=" ">
      <subfield code="a">teologie</subfield>
    </datafield>
    <datafield tag="650" ind1=" " ind2=" ">
      <subfield code="a">teologie dogmatică</subfield>
    </datafield>
    <datafield tag="650" ind1=" " ind2=" ">
      <subfield code="a">biserica greco-catolica</subfield>
    </datafield>
    <datafield tag="650" ind1=" " ind2=" ">
      <subfield code="a">carte veche românească</subfield>
    </datafield>
  </record>