
  <record>
    <leader>00000nam a2200000 a 4500</leader>
    <controlfield tag="008">200924s1766####|||||||||||||||||#||####u</controlfield>
    <datafield tag="050" ind1=" " ind2=" ">
      <subfield code="a">094.1(498); 355.311.8</subfield>
    </datafield>
    <datafield tag="245" ind1="0" ind2="0">
      <subfield code="a">Noi Mariia Terezia. din mila lui Dumnezeu rămasă văduvă înpărăt [...] Crăiasa Țării Ungureşti, Bohemii, Dalmaţii, Croaţii, Șlavonii, iproci: Arhi povăţuitoare Austrii, Povăţuitoarea Burgundii, Știrii, Carintii, şi a Carniolii, Mare Prinţipul Ardealului marhio [...] povăţuitoarea Brabanţii, Limburgii, Luxemburgii, şi a [...] Vurtembergii, a Silezii de Sus, şi de Jos</subfield>
      <subfield code="h">[Carte tipărită]</subfield>
    </datafield>
    <datafield tag="260" ind1=" " ind2=" ">
      <subfield code="a">Viena</subfield>
      <subfield code="b">[S.n.]</subfield>
      <subfield code="c">1766</subfield>
    </datafield>
    <datafield tag="300" ind1=" " ind2=" ">
      <subfield code="a">[31] p. ; 36 cm</subfield>
    </datafield>
    <datafield tag="500" ind1=" " ind2=" ">
      <subfield code="a">Legătura: folie de protecţie. Observaţii: decret pentru organizarea regimentelor româneşti grănicereşti; este datat 12 noiembrie 1766.</subfield>
    </datafield>
    <datafield tag="650" ind1=" " ind2=" ">
      <subfield code="a">comanda armatei</subfield>
    </datafield>
    <datafield tag="650" ind1=" " ind2=" ">
      <subfield code="a">organizarea armatei</subfield>
    </datafield>
    <datafield tag="650" ind1=" " ind2=" ">
      <subfield code="a">armata teritorială</subfield>
    </datafield>
    <datafield tag="650" ind1=" " ind2=" ">
      <subfield code="a">armată</subfield>
    </datafield>
    <datafield tag="650" ind1=" " ind2=" ">
      <subfield code="a">carte românească veche</subfield>
    </datafield>
    <datafield tag="995" ind1=" " ind2=" ">
      <subfield code="a">Colecţii Speciale - BRV</subfield>
      <subfield code="D">0.01</subfield>
      <subfield code="e">BRV433</subfield>
      <subfield code="F">Sediul_Central_A</subfield>
      <subfield code="j">139 IV BRV</subfield>
      <subfield code="U">Available</subfield>
      <subfield code="W">Sep 24, 2020</subfield>
      <subfield code="y">BRV433</subfield>
      <subfield code="Z">Împrumut la Sala</subfield>
    </datafield>
  </record>