
  <record>
    <leader>00000nam a2200000 a 4500</leader>
    <controlfield tag="008">200921s1782####|||||||||||||||||#||####u</controlfield>
    <datafield tag="050" ind1=" " ind2=" ">
      <subfield code="a">094.1(498); 281.95; 282; 291.16</subfield>
    </datafield>
    <datafield tag="245" ind1="0" ind2="0">
      <subfield code="a">Iosif al 2: din mila lui Dumnezeu ales Înpărat al Rămlenilor pururea podomnic. Craiul Țărilor Nemţeşti, Ungureşti şi al Bohemiei, iproci Arhipovăţuitoriul Austriei, Povăţuitoriul Burgundiei şi a Lotaringiei, Mare Prinţip Ardealului, şi Șpanul săcuilor, iproci.</subfield>
      <subfield code="h">[Carte tipărită]</subfield>
    </datafield>
    <datafield tag="260" ind1=" " ind2=" ">
      <subfield code="a">Blaj</subfield>
      <subfield code="c">1782</subfield>
    </datafield>
    <datafield tag="300" ind1=" " ind2=" ">
      <subfield code="a">[2] f. ; 35 cm</subfield>
    </datafield>
    <datafield tag="500" ind1=" " ind2=" ">
      <subfield code="a">Legătură: folie de protecţie. Însemnări: fila 1: 1783. Observaţii: decretul lui Iosif al II-lea în 10 puncte prin care se reglementează raporturile dintre bisericile ortodoxă şi unită din Transilvania; textul se încheie astfel: Voao drept aceia milostiveşte şi tare poruncim, ca dela acestor mai sus poruncite aşezemânturi, şi a Prea naltelor noastre rânduieli jurata ascultare, cu care sânteţi datori, nici de cum să nuvă trageţi: ba încă cu puterea, şi tăria acestui Patenş a nostru vă poruncim, vă dăm înainte, şi aşăzăm. Dat în cetatea noastră Beciul Austriei, 20 august 1782. Iosif. Grof Carol Palfi m. p. La porunca Cesăreştii şi Crăeştii Măriri Alexandru Horvat m. p. Tipăritusau în Blaj cu tipariul Seminariului.  </subfield>
    </datafield>
    <datafield tag="650" ind1=" " ind2=" ">
      <subfield code="a">religie greco-catolică</subfield>
    </datafield>
    <datafield tag="650" ind1=" " ind2=" ">
      <subfield code="a">religie</subfield>
    </datafield>
    <datafield tag="650" ind1=" " ind2=" ">
      <subfield code="a">religie ortodoxă</subfield>
    </datafield>
    <datafield tag="650" ind1=" " ind2=" ">
      <subfield code="a">carte românească veche</subfield>
    </datafield>
    <datafield tag="650" ind1=" " ind2=" ">
      <subfield code="a">toleranţă</subfield>
    </datafield>
    <datafield tag="995" ind1=" " ind2=" ">
      <subfield code="a">Colecţii Speciale - BRV</subfield>
      <subfield code="D">0.01</subfield>
      <subfield code="e">BRV396</subfield>
      <subfield code="F">Sediul_Central_A</subfield>
      <subfield code="j">177 IV BRV</subfield>
      <subfield code="U">Available</subfield>
      <subfield code="W">Sep 21, 2020</subfield>
      <subfield code="y">BRV396</subfield>
      <subfield code="Z">Împrumut la Sala</subfield>
    </datafield>
  </record>