
  <record>
    <leader>00000nam a2200000 a 4500</leader>
    <controlfield tag="008">200921s1813####|||||||||||||||||#||####u</controlfield>
    <datafield tag="050" ind1=" " ind2=" ">
      <subfield code="a">094.1(498); 37.013</subfield>
    </datafield>
    <datafield tag="245" ind1="0" ind2="0">
      <subfield code="a">Moralnice sentenţii sau folositoare pilde, traduse de Ioann Teodorovici românescul paroh în Peşta, şi a preacinstitului eparhialnic constitorium din Buda assesor.</subfield>
      <subfield code="c">Traducere Ioan Teodorovici</subfield>
      <subfield code="h">[Carte tipărită]</subfield>
    </datafield>
    <datafield tag="260" ind1=" " ind2=" ">
      <subfield code="a">Buda</subfield>
      <subfield code="b">Crăiasca Tipografie a Universității Ungurești</subfield>
      <subfield code="c">1813</subfield>
    </datafield>
    <datafield tag="300" ind1=" " ind2=" ">
      <subfield code="a">124 p. ; 17 cm</subfield>
    </datafield>
    <datafield tag="500" ind1=" " ind2=" ">
      <subfield code="a">Greşeli de paginaţie: p. 52 e numerotată 42; p. 53 e numerotată 43 (nemenţionate de BRV). Legătură: carton recent marmorat. Însemnări: p. 124: Aceasta eşte [...] ale mele [...] 1831. Mar. 23 [...].</subfield>
    </datafield>
    <datafield tag="650" ind1=" " ind2=" ">
      <subfield code="a">pedagogie</subfield>
    </datafield>
    <datafield tag="650" ind1=" " ind2=" ">
      <subfield code="a">carte românească veche</subfield>
    </datafield>
    <datafield tag="650" ind1=" " ind2=" ">
      <subfield code="a">pedagogie practică</subfield>
    </datafield>
    <datafield tag="995" ind1=" " ind2=" ">
      <subfield code="a">Colecţii Speciale - BRV</subfield>
      <subfield code="e">BRV141</subfield>
      <subfield code="F">Sediul_Central_A</subfield>
      <subfield code="j">834b BRV</subfield>
      <subfield code="U">Available</subfield>
      <subfield code="W">Sep 21, 2020</subfield>
      <subfield code="y">BRV141</subfield>
      <subfield code="Z">Împrumut la Sala</subfield>
    </datafield>
  </record>