
  <record>
    <leader>00000nam a2200000 a 4500</leader>
    <controlfield tag="008">200921s1791####|||||||||||||||||#||####u</controlfield>
    <datafield tag="050" ind1=" " ind2=" ">
      <subfield code="a">94(498.4)</subfield>
    </datafield>
    <datafield tag="245" ind1="0" ind2="0">
      <subfield code="a">Supplex Libellus Valachorum Transsilvaniae iura tribus receptis nationibus communia postliminio sibi adseri postulantium. Cum notis historico - criticis i. c. e. civis transsilvani</subfield>
      <subfield code="c">Tipograf Martin Hochmeister</subfield>
      <subfield code="h">[Carte tipărită]</subfield>
    </datafield>
    <datafield tag="260" ind1=" " ind2=" ">
      <subfield code="a">Cluj</subfield>
      <subfield code="c">1791</subfield>
    </datafield>
    <datafield tag="300" ind1=" " ind2=" ">
      <subfield code="a">59 p.</subfield>
    </datafield>
    <datafield tag="500" ind1=" " ind2=" ">
      <subfield code="a">Observaţii: ştampilă ovală cu textul: Biblioteca Asociat. Tranne. Rom. P. Cult. Şi. Lit. Pop. Rom pe foaia de titlu; ştampilă de formă dreptunghiulară cu textul: Biblioteca „Astrei” (Asociaţiunea pentru lit. rom. şi cultura poporului român). Centrala Sibiu Nr. 2706 pe foaia de titlu; ştampilă ovală cu textul: Biblioteca Centrală a Asociaţiunii Sibiu, pe foaia de titlu, p. 29.</subfield>
    </datafield>
    <datafield tag="650" ind1=" " ind2=" ">
      <subfield code="a">istorie</subfield>
    </datafield>
    <datafield tag="650" ind1=" " ind2=" ">
      <subfield code="a">istoria Transilvaniei</subfield>
    </datafield>
    <datafield tag="995" ind1=" " ind2=" ">
      <subfield code="a">Colecţii Speciale - BRV</subfield>
      <subfield code="D">0.01</subfield>
      <subfield code="e">BRV077</subfield>
      <subfield code="F">Sediul_Central_A</subfield>
      <subfield code="j">548 BRV</subfield>
      <subfield code="U">Available</subfield>
      <subfield code="W">Sep 21, 2020</subfield>
      <subfield code="y">BRV077</subfield>
      <subfield code="Z">Împrumut la Sala</subfield>
    </datafield>
  </record>