
  <record>
    <leader>00000nam a2200000 a 4500</leader>
    <controlfield tag="008">200512s1738####|||||||||||||||||#||####u</controlfield>
    <datafield tag="050" ind1=" " ind2=" ">
      <subfield code="a">262.13(094); 094.1(498.4)</subfield>
    </datafield>
    <datafield tag="100" ind1=" " ind2=" ">
      <subfield code="a">Kolb, Gregor (Kolb Gregorio)</subfield>
    </datafield>
    <datafield tag="245" ind1="1" ind2="0">
      <subfield code="a">Series Romanorum Pontificum cum Reflexionibus Historicis, Contra nonnullos Sacrae Sedis Apostolicae Calumniatores. Authore R. P. Gregorio Kolb, è S. J. in Universitate Friburgensi Historiae Professore Ordinario. ... Positiones Universae Philosophiae publicè propugnandas suscepit Reverendus ... D. Andreas Istvanfi AA.LL. &amp; Philosophiae Baccalaureus, nec non... Presidae R. P. Nicolai Ianosi è S. J. AA. LL. &amp; Philosophiae Doctore, eiusdémque Professore Ordinario, &amp;. Auditoribus oblata. Anno salutis MDCCXXXVIII</subfield>
      <subfield code="c">Gregorio Kolb</subfield>
      <subfield code="h">[Carte tipărită]</subfield>
    </datafield>
    <datafield tag="260" ind1=" " ind2=" ">
      <subfield code="a">Claudiopoli</subfield>
      <subfield code="b">Typis Academicis Societatis Jesu</subfield>
      <subfield code="c">1738</subfield>
    </datafield>
    <datafield tag="300" ind1=" " ind2=" ">
      <subfield code="a">8 [f.], 360 p., 32 p. ; 20 cm</subfield>
    </datafield>
    <datafield tag="500" ind1=" " ind2=" ">
      <subfield code="a">Cuprinde lista papilor din perioada 45-1720. Greșeli de paginație: p. 43 e numerotată 34; p. 72 e numerotată 71; p. 95 e numerotată 65. Legătura: coperți de carton învelite în piele; cotor cu binduri; paginile au custode în dreapta. Observații: pe recto-ul paginii de titlu și pe ultima pagină - ștampilă ovală cu textul: „Biblioteca Astra Sibiu”; frontispicii la începutul fiecărei părți; fiecare paragraf incepe cu o inițială îngropată; fiecare parte începe cu o inițială ornată; vinietă finală la p. 67 și p. 360. Cuprinde un tabel cronologic Însemnări: pe recto-ul forzaț 1 - textul: „Ad usum P. Lini Kierschke. V. Conventus Cibiniensis”; pe verso-ul forzaț 1 - textul: „Masodik peldány. Ht[?]. Antal Collegiu”.  </subfield>
    </datafield>
    <datafield tag="650" ind1=" " ind2=" ">
      <subfield code="a">istoria bisericii creştine</subfield>
    </datafield>
    <datafield tag="650" ind1=" " ind2=" ">
      <subfield code="a">creștinism</subfield>
    </datafield>
    <datafield tag="650" ind1=" " ind2=" ">
      <subfield code="a">papalitate</subfield>
    </datafield>
    <datafield tag="650" ind1=" " ind2=" ">
      <subfield code="a">papi</subfield>
    </datafield>
    <datafield tag="650" ind1=" " ind2=" ">
      <subfield code="a">Sfântul Scaun</subfield>
    </datafield>
    <datafield tag="650" ind1=" " ind2=" ">
      <subfield code="a">Transilvanice</subfield>
    </datafield>
    <datafield tag="856" ind1=" " ind2=" ">
      <subfield code="u">http://www.dspace.bjastrasibiu.ro/bitstream/123456789/10586/1/BJA_CS_000078_T_0001-0390.pdf</subfield>
    </datafield>
    <datafield tag="995" ind1=" " ind2=" ">
      <subfield code="a">Colecţii Speciale - Transilvanice</subfield>
      <subfield code="D">0.01</subfield>
      <subfield code="e">T00078</subfield>
      <subfield code="F">Sediul_Central_A</subfield>
      <subfield code="j">266 T1</subfield>
      <subfield code="U">Available</subfield>
      <subfield code="W">May 12, 2020</subfield>
      <subfield code="y">T00078</subfield>
      <subfield code="Z">Împrumut la Sala</subfield>
    </datafield>
  </record>