
  <record>
    <leader>00000nam a2200000 a 4500</leader>
    <controlfield tag="008">200511s1745####|||||||||||||||||#||####u</controlfield>
    <datafield tag="050" ind1=" " ind2=" ">
      <subfield code="a">271.3(094)"1200/1731"; 094.1(498.4)</subfield>
    </datafield>
    <datafield tag="100" ind1=" " ind2=" ">
      <subfield code="a">Duns Scotus, John</subfield>
    </datafield>
    <datafield tag="245" ind1="1" ind2="0">
      <subfield code="a">Ortus et Progressus Sacri Ordinis Fratrum Minorum S.P.N. Francisci. Dum Theses ex Universa Theologia ad Mentem Doctoris Mariano-subtilis Joannis Duns-Scoti sub Sacratissimis Auspiciis S. &amp; Apostolici Regis Hungariae Stephani, Provinciae Transylvaniae Fratrum .... Titularis Patroni in Conventu Vetero-Claudiopolitano ad Nives Maroanas publicè propugnarent. PP. FF. Martinus Peterffi et Gabriel Csato Ord. S. P. N... . Praeside P. F. Matthaeo Sükösd... Auditoribus Oblatus. Anno reparatae Salutis Humanae MDCCXLV</subfield>
      <subfield code="c">Ad mentem Doctoris Mariano-subtilis Joannis Duns-Scoti</subfield>
      <subfield code="h">[Carte tipărită]</subfield>
    </datafield>
    <datafield tag="260" ind1=" " ind2=" ">
      <subfield code="a">Claudiopoli [Cluj-Napoca]</subfield>
      <subfield code="b">Typis Academicis Societatis Jesu per Michaëlem Becskereki</subfield>
      <subfield code="c">1745</subfield>
    </datafield>
    <datafield tag="300" ind1=" " ind2=" ">
      <subfield code="a">[4] p., [22] p., 181 p., [1] f. ; 20 cm</subfield>
    </datafield>
    <datafield tag="500" ind1=" " ind2=" ">
      <subfield code="a">Titlu paralel: Ortus et Progressus Sacri Ordinis Fratrum Minorum S. P. N. Francisci. Annis DXXV. perdurantis Ex Bullis Pontificiis, ac Probatissimis Authoribus ab A. R.P. Fr. Massaeo Kresslinger, Ord. Min. Strict. Observ. Lectore Jubilato, ac Provinciae Bavariae iterato Ex-Provinciali compendiose conscriptus, qui Altera Hac Editione Sub Gratiosissimis Auspiciis Excellentissimi D. Comitis, Domini Joannis Haller De Hallerstein, Sac. Caes. Regiaeque Cathol. Majest. Camerarii Status ejusdem Actualis, &amp; Intimi Consiliarii Principatus Transylvaniae, Partiumq; Hungariae eidem annexarum Regio-Principalis Gubernatoris, nec nun Fratrum Minor. Strict. Observ. dicti Principatus Supremi Syndici Apostolici, Mecoenatis Munisicentissimi, &amp; Colendissimi, nomine Provinciae Transylvaniae lucem pulicam ascipit. Cum Superiorum, ac Authoris expresso consentu excusus. Greșeli de paginație: p. 40 e numerotată 39; p. 108 e numerotată 109; p. 110 e numerotată 1010; p. 111 e numerotată 1011; p. 112 e numerotată 1012; p. 128 e numerotată 129. Legătura: coperți din carton, colțurile acestora fiind îmbrăcate în piele; cotorul este învelit în piele de culoare maro și are trei nervuri; paginile, pătate, au custode în dreapta. Observații: pe pagina de titlu - ștampilă ovală cu textul: „Biblioteca Astra Sibiu”; la p. 21 și la p. 168 - vinietă finală. Include index și erată. Colligat cu lucrarea: Ortus, Progressus, Vicissitudines, Excisio, et Restauratio, olim custodiae, nunc ab anno M. DCC. XXIX. Provinciae Transilvaniae Ord. Min. S. P. N. Francisci Strict Observ. Titulis. Regis Stephani. Ex Gravissimis, Fideque dignis Authoritatibus clara, ac succinta methodo compilatus, primum in Urbe Orbis capite revisus, castigatus, approbatus, &amp; excusus Typis Reverendae Camerae Apostolicae. eX Vrbe ReDVX septICoLLe oMIne FaVsto. Hac secunda editione sub gratiosissimis auspiciis excellentissimi Domini Comitis Domini Joannis Haller L. B. de Haller-Koe, Sac. Caes. Regiaeque Catholicae Majest. Camerarii, Stat´s Transilvaniae, Partiúmque eidem annexarum Regio-Principalis Gubernatoris &amp;c. Domini, &amp; Patroni nastri Gratiosissimi, Colendissimi. Cum Facultate Superiorum Luci familiaris Solis expositus. Typis Ven. Conventus Csikiensis, ad B. Virginem Visitantem. Cartea este ornamentată cu: frontispicii - pe prima pagină din „Dedicatio” și viniete finale: ultima pagină din „Praefatio”, p. 21, p. 38, p. 66, p. 96, p. 117, p. 134, p. 146 și p. 168. Primul parafraf al fiecărui capitol începe cu o inițială îngropată. Însemnări: text manuscris cu cerneală neagră: pe pagina de gardă - „Conv. Cibiniensis”; pe recto-ul paginii de titlu - „V. Con(ven)tus. Cibin”.</subfield>
    </datafield>
    <datafield tag="650" ind1=" " ind2=" ">
      <subfield code="a">papi</subfield>
    </datafield>
    <datafield tag="650" ind1=" " ind2=" ">
      <subfield code="a">franciscani</subfield>
    </datafield>
    <datafield tag="650" ind1=" " ind2=" ">
      <subfield code="a">ordine religioase</subfield>
    </datafield>
    <datafield tag="650" ind1=" " ind2=" ">
      <subfield code="a">Transilvanice</subfield>
    </datafield>
    <datafield tag="650" ind1=" " ind2=" ">
      <subfield code="a">istorie</subfield>
    </datafield>
    <datafield tag="995" ind1=" " ind2=" ">
      <subfield code="a">Colecţii Speciale - Transilvanice</subfield>
      <subfield code="D">0.01</subfield>
      <subfield code="e">T00083</subfield>
      <subfield code="F">Sediul_Central_A</subfield>
      <subfield code="j">271 T1</subfield>
      <subfield code="U">Available</subfield>
      <subfield code="W">May 12, 2020</subfield>
      <subfield code="y">T00083</subfield>
      <subfield code="Z">Împrumut la Sala</subfield>
    </datafield>
  </record>