
  <record>
    <leader>00000nam a2200000 a 4500</leader>
    <controlfield tag="008">200508s1743####|||||||||||||||||#||####u</controlfield>
    <datafield tag="050" ind1=" " ind2=" ">
      <subfield code="a">347.112(498.4); 094.1(498.4)</subfield>
    </datafield>
    <datafield tag="245" ind1="0" ind2="0">
      <subfield code="a">Syntagma Juris Hungarici Complectens Etiam Peculiares Transylvaniae Leges. Dum in Alma Udvarhelin. S. J. Residentia Positiones Prooemiales Logicae publicè propugnandas suscepit Spectabilis, ac Eruditus D. Joannes Georgius Nagy de Csatár Logicae Studiosus, Praeside R. P. Emerico Pallovics è S. J. A. A. L.L. &amp; Philosophiae Doctore, nec non Logicae in Regio-Principali Academia Claudiopolitana Professore Ordinario, Auditoribus Oblatum ad perennem hujus Philosophicae Solennitatis Udvarhelyini habit &amp; memoriam</subfield>
      <subfield code="h">[Carte tipărită]</subfield>
    </datafield>
    <datafield tag="260" ind1=" " ind2=" ">
      <subfield code="a">Claudiopoli [Cluj-Napoca]</subfield>
      <subfield code="b">Typis Academicis Societatis Jesu</subfield>
      <subfield code="c">1743</subfield>
    </datafield>
    <datafield tag="300" ind1=" " ind2=" ">
      <subfield code="a">[14] p., 178 p., 274 p. ; 16 cm</subfield>
    </datafield>
    <datafield tag="500" ind1=" " ind2=" ">
      <subfield code="a">Greșeli de paginație: 1) la prima numerotare, p. 159 e numerotată 249; 2) la a doua numerotare, p. 112 e numerotată 102. începând de aici numerotarea continuă gresit. ; p. 266 e numerotată 254 Legătura: coperți de carton învelite în piele, decorate cu motive florale imprimate în relief; paginile au custode în dreapta; pe cotorul cu binduri se păstrează titlul: „Syntagma Juris Hungarici”. Observații: pe recto-ul paginii de titlu, p.[3] și pe ultima pagină - ștampilă ovală cu textul: „Biblioteca Astra Sibiu” Însemnări: pe recto-ul forzaț 1 - textul: „Pro usu Leiss(?) Ss. Canonum; pe recto-ul paginii de titlu - textul:„Convent. Cibiniensis”.  </subfield>
    </datafield>
    <datafield tag="650" ind1=" " ind2=" ">
      <subfield code="a">drept</subfield>
    </datafield>
    <datafield tag="650" ind1=" " ind2=" ">
      <subfield code="a">drept civil</subfield>
    </datafield>
    <datafield tag="650" ind1=" " ind2=" ">
      <subfield code="a">Transilvanice</subfield>
    </datafield>
    <datafield tag="856" ind1=" " ind2=" ">
      <subfield code="u">http://www.dspace.bjastrasibiu.ro/bitstream/123456789/10668/1/BJA_CS_000060_T_0001-0484.pdf</subfield>
    </datafield>
    <datafield tag="995" ind1=" " ind2=" ">
      <subfield code="a">Colecţii Speciale - Transilvanice</subfield>
      <subfield code="D">0.01</subfield>
      <subfield code="e">T00060</subfield>
      <subfield code="F">Sediul_Central_A</subfield>
      <subfield code="j">249 T1</subfield>
      <subfield code="U">Available</subfield>
      <subfield code="W">May 11, 2020</subfield>
      <subfield code="y">T00060</subfield>
      <subfield code="Z">Împrumut la Sala</subfield>
    </datafield>
  </record>