
  <record>
    <leader>00000nam a2200000 a 4500</leader>
    <controlfield tag="008">200305s1760####|||||||||||||||||#||####u</controlfield>
    <datafield tag="050" ind1=" " ind2=" ">
      <subfield code="a">348.5; 094.1(498.4)</subfield>
    </datafield>
    <datafield tag="100" ind1=" " ind2=" ">
      <subfield code="a">Szeredai, Antonius</subfield>
    </datafield>
    <datafield tag="245" ind1="1" ind2="0">
      <subfield code="a">Antonii Szeredai de Szentrontás (olim Szent Háromság)... : Excellentissimi ... Domini Josephi é Comitibus á Battyán, Dei, &amp; ... Episcopi Transylvaniensis, &amp;c. &amp;c. &amp;c. In Spiritualibus Causarum Auditoris Generalis Tripartita Praxis Judiciaria Sacrorum in Ungaria, &amp; Transylvania Tribunalium. Studiô, ac Operâ Ejusdem è Sacris Canonibus, Legibus Patriis, &amp; Usu Consvetudinario, Probatisque Authoribus Collecta, &amp; ... Pars I</subfield>
      <subfield code="c">Antonii Szeredai de Szentrontás (olim Szent Háromság)</subfield>
      <subfield code="h">[Carte tipărită]</subfield>
    </datafield>
    <datafield tag="260" ind1=" " ind2=" ">
      <subfield code="a">Csíksomlyó (Șumuleu-Ciuc)</subfield>
      <subfield code="b">Typis Conventus Csikiensis</subfield>
      <subfield code="c">1760</subfield>
    </datafield>
    <datafield tag="300" ind1=" " ind2=" ">
      <subfield code="a">[22] p., 140 p. ; 33 cm</subfield>
    </datafield>
    <datafield tag="500" ind1=" " ind2=" ">
      <subfield code="a">Legătura: coperți de carton învelite în piele; pe cotor se păstrează numele autorului și titlul lucrării: „A. Szeredai - Tripart. Praxis Judic.” Însemnări: pe recto-ul paginii de titlu - textul: „Conv. Cibiniensis”. Observații: pe  recto-ul paginii de titlu și pe ultima pagină - ștampilă ovală cu textul „Biblioteca Astra Sibiu”; este colligat cu Partea a 2-a și Partea a 3-a a lucrării.</subfield>
    </datafield>
    <datafield tag="650" ind1=" " ind2=" ">
      <subfield code="a">Transilvanice</subfield>
    </datafield>
    <datafield tag="650" ind1=" " ind2=" ">
      <subfield code="a">drept canonic penal</subfield>
    </datafield>
    <datafield tag="650" ind1=" " ind2=" ">
      <subfield code="a">drept eclesiastic</subfield>
    </datafield>
    <datafield tag="650" ind1=" " ind2=" ">
      <subfield code="a">drept</subfield>
    </datafield>
    <datafield tag="856" ind1=" " ind2=" ">
      <subfield code="u">http://www.dspace.bjastrasibiu.ro/bitstream/123456789/10280/1/BJA_CS_000164_T_0001-0178.pdf</subfield>
    </datafield>
    <datafield tag="995" ind1=" " ind2=" ">
      <subfield code="a">Colecţii Speciale - Transilvanice</subfield>
      <subfield code="D">0.01</subfield>
      <subfield code="e">T00164</subfield>
      <subfield code="F">Sediul_Central_A</subfield>
      <subfield code="j">474 T1</subfield>
      <subfield code="U">Available</subfield>
      <subfield code="W">Mar 5, 2020</subfield>
      <subfield code="y">T00164</subfield>
      <subfield code="Z">Împrumut la Sala</subfield>
    </datafield>
  </record>