
  <record>
    <leader>00000nam a2200000 a 4500</leader>
    <controlfield tag="008">200304s1760####|||||||||||||||||#||####u</controlfield>
    <datafield tag="050" ind1=" " ind2=" ">
      <subfield code="a">348.5; 094.1(498.4)</subfield>
    </datafield>
    <datafield tag="100" ind1=" " ind2=" ">
      <subfield code="a">Szeredai, Antonius</subfield>
    </datafield>
    <datafield tag="245" ind1="1" ind2="0">
      <subfield code="a">Antonii Szeredai de Szentrontás (olim Szent Háromság)... : Excellentissimi ... Domini Josephi é Comitibus á Battyán, Dei, &amp; ... Episcopi Transylvaniensis, &amp;c. &amp;c. &amp;c. In Spiritualibus Causarum Auditoris Generalis Tripartita Praxis Judiciaria Sacrorum in Ungaria, &amp; Transylvania Tribunalium. Studiô, ac Operâ Ejusdem è Sacris Canonibus, Legibus Patriis, &amp; Usu Consvetudinario, Probatisque Authoribus Collecta, &amp; ...</subfield>
      <subfield code="c">Antonii Szeredai de Szentrontás (olim Szent Háromság)</subfield>
      <subfield code="h">[Carte tipărită]</subfield>
    </datafield>
    <datafield tag="260" ind1=" " ind2=" ">
      <subfield code="a">Csíksomlyó (Șumuleu-Ciuc)</subfield>
      <subfield code="b">Typis Conventus Csikiensis</subfield>
      <subfield code="c">1760</subfield>
    </datafield>
    <datafield tag="300" ind1=" " ind2=" ">
      <subfield code="a">3 vol.</subfield>
    </datafield>
    <datafield tag="650" ind1=" " ind2=" ">
      <subfield code="a">drept eclesiastic</subfield>
    </datafield>
    <datafield tag="650" ind1=" " ind2=" ">
      <subfield code="a">Transilvanice</subfield>
    </datafield>
    <datafield tag="650" ind1=" " ind2=" ">
      <subfield code="a">drept</subfield>
    </datafield>
    <datafield tag="650" ind1=" " ind2=" ">
      <subfield code="a">drept canonic penal</subfield>
    </datafield>
  </record>