
  <record>
    <leader>00000nam a2200000 a 4500</leader>
    <controlfield tag="008">200304s1751####|||||||||||||||||#||####u</controlfield>
    <datafield tag="050" ind1=" " ind2=" ">
      <subfield code="a">234.9:282; 094.1(498.4)</subfield>
    </datafield>
    <datafield tag="100" ind1=" " ind2=" ">
      <subfield code="a">Csato, Alexius</subfield>
    </datafield>
    <datafield tag="245" ind1="1" ind2="0">
      <subfield code="a">Deus Discernens, seu Dissertatio Secunda, De Praedestinatione Sanctorum.</subfield>
      <subfield code="c">Auctore A. R. P. F. Alexio Csato, Ordinis Min. S. P. Francisci strict. Observ. SS. Theologiae Lectore Generali, &amp; Provinciae Transylvaniae S.R. Staphani iteratò Ministro Provinciali.</subfield>
      <subfield code="h">[Carte tipărită]</subfield>
    </datafield>
    <datafield tag="260" ind1=" " ind2=" ">
      <subfield code="a">Csik Somlyoviensis (Șumuleu-Ciuc)</subfield>
      <subfield code="b">Typis Conventus Csik Somlyovienfis</subfield>
      <subfield code="c">1751 Ad B(eata) V(irginae) M(aria) Visitantem </subfield>
    </datafield>
    <datafield tag="300" ind1=" " ind2=" ">
      <subfield code="a">[12] p., 401 p. ; 33 cm</subfield>
    </datafield>
    <datafield tag="500" ind1=" " ind2=" ">
      <subfield code="a">Greșeli de paginație: p. 339 e numerotată 33. Legătura: coperți de carton învelite în piele de culoare maro; pe cotor se păstrează numele autorului și titlul: „R. P. Csato. Disserta. Theolo. Tom II Însemnări: pe recto-ul paginii de titlu - textul: „Conv. Cibiniensi Ord. Min Strict Obs S. Franscisci 1753”. Observații: pe recto-ul paginii de titlu și pe ultima pagină - ștampilă ovală cu textul: „Biblioteca Astra Sibiu”. </subfield>
    </datafield>
    <datafield tag="650" ind1=" " ind2=" ">
      <subfield code="a">teologie</subfield>
    </datafield>
    <datafield tag="650" ind1=" " ind2=" ">
      <subfield code="a">teologie creştină</subfield>
    </datafield>
    <datafield tag="650" ind1=" " ind2=" ">
      <subfield code="a">doctrina catolică</subfield>
    </datafield>
    <datafield tag="650" ind1=" " ind2=" ">
      <subfield code="a">predestinare și liber arbitru</subfield>
    </datafield>
    <datafield tag="650" ind1=" " ind2=" ">
      <subfield code="a">Transilvanice</subfield>
    </datafield>
    <datafield tag="856" ind1=" " ind2=" ">
      <subfield code="u">http://www.dspace.bjastrasibiu.ro/bitstream/123456789/10278/1/BJA_CS_000159_T_0001-0422.pdf</subfield>
    </datafield>
    <datafield tag="995" ind1=" " ind2=" ">
      <subfield code="a">Colecţii Speciale - Transilvanice</subfield>
      <subfield code="D">0.01</subfield>
      <subfield code="e">T00159</subfield>
      <subfield code="F">Sediul_Central_A</subfield>
      <subfield code="j">471 T1</subfield>
      <subfield code="U">Available</subfield>
      <subfield code="W">Mar 4, 2020</subfield>
      <subfield code="y">T00159</subfield>
      <subfield code="Z">Împrumut la Sala</subfield>
    </datafield>
  </record>