
  <record>
    <leader>00000nam a2200000 a 4500</leader>
    <controlfield tag="008">200304s1746####|||||||||||||||||#||####u</controlfield>
    <datafield tag="050" ind1=" " ind2=" ">
      <subfield code="a">94(439); 094.1(437)</subfield>
    </datafield>
    <datafield tag="100" ind1=" " ind2=" ">
      <subfield code="a">Pinka Ferenc (Pinka Franciscus)</subfield>
    </datafield>
    <datafield tag="245" ind1="1" ind2="0">
      <subfield code="a">Prima Quinque Saecula Regni Mariano-Apostolici dennuò Ethicè adumbrata. Pars Posterior</subfield>
      <subfield code="c">Promotore R. P. Francisco Pinka è Soc. Jesu. AA. LL. &amp; Philosophiae Doctore, ejusdémque Professore emerito, nec non Facultatis Philosophicae. p. t. Seniore ...</subfield>
      <subfield code="h">[Carte tipărită]</subfield>
    </datafield>
    <datafield tag="260" ind1=" " ind2=" ">
      <subfield code="a">Cassoviae (Košice)</subfield>
      <subfield code="b">Typis Academicis Societ. Jesu</subfield>
      <subfield code="c">1746</subfield>
    </datafield>
    <datafield tag="300" ind1=" " ind2=" ">
      <subfield code="a">[4] p., 120 p. ; 13 cm</subfield>
    </datafield>
    <datafield tag="500" ind1=" " ind2=" ">
      <subfield code="a">Legătura: coperți de carton, marmorat. Însemnări: pe cop. 3 textul: „ [...] Exit Franciscus Paterlisi (?). Anno 1766. Die vero 23. [...]. Observații: pe verso-ul paginii de titlu și pe ultima pagină - ștampilă ovală cu textul: „Biblioteca Astra Sibiu”.  </subfield>
    </datafield>
    <datafield tag="650" ind1=" " ind2=" ">
      <subfield code="a">istoria Ungariei</subfield>
    </datafield>
    <datafield tag="650" ind1=" " ind2=" ">
      <subfield code="a">istorie</subfield>
    </datafield>
    <datafield tag="650" ind1=" " ind2=" ">
      <subfield code="a">carte străină veche</subfield>
    </datafield>
    <datafield tag="995" ind1=" " ind2=" ">
      <subfield code="a">Colecţii Speciale - CS</subfield>
      <subfield code="D">0.01</subfield>
      <subfield code="e">CS3294</subfield>
      <subfield code="F">Sediul_Central_A</subfield>
      <subfield code="j">2049 SIV</subfield>
      <subfield code="U">Available</subfield>
      <subfield code="W">Mar 4, 2020</subfield>
      <subfield code="y">CS3294</subfield>
      <subfield code="Z">Împrumut la Sala</subfield>
    </datafield>
  </record>