
  <record>
    <leader>00000nam a2200000 a 4500</leader>
    <controlfield tag="008">200302s1713####|||||||||||||||||#||####u</controlfield>
    <datafield tag="050" ind1=" " ind2=" ">
      <subfield code="a">265.32; 094.1(430)</subfield>
    </datafield>
    <datafield tag="245" ind1="0" ind2="0">
      <subfield code="a">Theses Theologicae De Ministro SS. Eucharistiae Dispensandae, Ad Mentem Doctoris Subtilis Joan. Duns Scoti, Publicae Concertationi expositae. In Conventu Oettingano FF. Minor, S. P. Francisci Reformatorum, Praeside P.F. Matthaeo Maräsch, ibidem SS. Theologiae Lectore Ordinario. Defendentibus P.F. Marcelliano Stieger, P.F. Burchardo Steiner, F. Christiano Senfft, ejusdem Ordinis &amp; Studij Alumnis</subfield>
      <subfield code="c">... Publicae Concertationi expositae ... Praeside P.F. Matthaeo Maräsch, ibidem SS. Theologiae Lectore Ordinario. Defendentibus P.F. Marcelliano Stieger, P.F. Burchardo Steiner, F. Christiano Senfft, ejusdem Ordinis &amp; Studij Alumnis ...</subfield>
      <subfield code="h">[Carte tipărită]</subfield>
    </datafield>
    <datafield tag="260" ind1=" " ind2=" ">
      <subfield code="a">[Sulzbach]</subfield>
      <subfield code="b">Typis Georgii Abrahami Lichtenthaleri</subfield>
      <subfield code="c">1713</subfield>
    </datafield>
    <datafield tag="300" ind1=" " ind2=" ">
      <subfield code="a">55 p. ; 15 cm</subfield>
    </datafield>
    <datafield tag="500" ind1=" " ind2=" ">
      <subfield code="a">Legătura: coperți de carton recent, de culoare roșie. Însemnări: pe cop. 2: „F. Bennitius Sernes (?) Provinciae bavaricae Alumnus”. ; pe recto-ul paginii de titlu: „ Ad diem 31 Mensis Augusti”. , [...] Observații: pe recto-ul paginii de titlu și pe ultima pagină - ștampilă ovală cu textul: „Biblioteca Astra Sibiu”.</subfield>
    </datafield>
    <datafield tag="650" ind1=" " ind2=" ">
      <subfield code="a">euharistie</subfield>
    </datafield>
    <datafield tag="650" ind1=" " ind2=" ">
      <subfield code="a">sacramente</subfield>
    </datafield>
    <datafield tag="650" ind1=" " ind2=" ">
      <subfield code="a">carte străină veche</subfield>
    </datafield>
    <datafield tag="650" ind1=" " ind2=" ">
      <subfield code="a">teologie</subfield>
    </datafield>
    <datafield tag="856" ind1=" " ind2=" ">
      <subfield code="u">http://www.dspace.bjastrasibiu.ro/bitstream/123456789/10401/1/BJA_CS_003349_CSV_0001-0060.pdf</subfield>
    </datafield>
    <datafield tag="995" ind1=" " ind2=" ">
      <subfield code="a">Colecţii Speciale - CS</subfield>
      <subfield code="D">0.01</subfield>
      <subfield code="e">CS3349</subfield>
      <subfield code="F">Sediul_Central_A</subfield>
      <subfield code="j">2080 SIV</subfield>
      <subfield code="U">Available</subfield>
      <subfield code="W">Mar 4, 2020</subfield>
      <subfield code="y">CS3349</subfield>
      <subfield code="Z">Împrumut la Sala</subfield>
    </datafield>
  </record>