
  <record>
    <leader>00000nam a2200000 a 4500</leader>
    <controlfield tag="008">200302s1777####|||||||||||||||||#||####u</controlfield>
    <datafield tag="050" ind1=" " ind2=" ">
      <subfield code="a"> 81'373.46:737=124.'06; 094.1(430)</subfield>
    </datafield>
    <datafield tag="245" ind1="0" ind2="0">
      <subfield code="a">Lexicon Abruptionum Quae in Numismatibus Romanorum Occurrunt Studiosae Iuventuti ad Explicandos Numos Adornatum Variisque Observationibus Illustratum</subfield>
      <subfield code="h">[Carte tipărită]</subfield>
    </datafield>
    <datafield tag="260" ind1=" " ind2=" ">
      <subfield code="a">Norimbergae (Nürnberg)</subfield>
      <subfield code="b">Apud Christian. Gotthold. Hauffium</subfield>
      <subfield code="c">1777</subfield>
    </datafield>
    <datafield tag="300" ind1=" " ind2=" ">
      <subfield code="a">[6] p., 127 p. ; 17 cm</subfield>
    </datafield>
    <datafield tag="500" ind1=" " ind2=" ">
      <subfield code="a">Greșeli de paginație: p. 49 e numerotată 39. Legătura: coperți de carton marmorat; pe cotor de păstrează titlul: „Lexicon Abrump”. Observații: pe recto-ul paginii de gardă - ștampilă dreptunghiulară cu textul: „Biblioteca Astrei (Asociațiunea pentru lit. rom. și cultura poporului român). Centrala Sibiiu Nr. 11124”; ștampilă ovală cu textul: „Biblioteca Asociat. Trane Rom. P. Cult. Și Lit. Pop. Rom.” - pe recto-ul paginii de titlu; ștampilă dreptunghiulară cu textul: „Biblioteca Centrală Sibiu” pe recto-ul paginii de titlu, la p. 101 și pe ultima pagină; ștampilă ovală cu textul: „Biblioteca Astra Sibiu” -pe verso-ul paginii de titlu și pe ultima pagină; ștampilă ovală cu textul: „Biblioteca Centrală a Asociațiunii Sibiiu” la p. 7 și p. 109; o vinietă pe recto-ul paginii de titlu și una diferită - pe ultima pagină, la sfârșitul textului.</subfield>
    </datafield>
    <datafield tag="650" ind1=" " ind2=" ">
      <subfield code="a">abrevieri</subfield>
    </datafield>
    <datafield tag="650" ind1=" " ind2=" ">
      <subfield code="a">carte străină veche</subfield>
    </datafield>
    <datafield tag="650" ind1=" " ind2=" ">
      <subfield code="a">numismatică</subfield>
    </datafield>
    <datafield tag="650" ind1=" " ind2=" ">
      <subfield code="a">lexicon</subfield>
    </datafield>
    <datafield tag="856" ind1=" " ind2=" ">
      <subfield code="u">http://www.dspace.bjastrasibiu.ro/bitstream/123456789/10405/1/BJA_CS_004056_CSV_0001-0138.pdf</subfield>
    </datafield>
    <datafield tag="995" ind1=" " ind2=" ">
      <subfield code="a">Colecţii Speciale - CS</subfield>
      <subfield code="D">0.01</subfield>
      <subfield code="e">CS4056</subfield>
      <subfield code="F">Sediul_Central_A</subfield>
      <subfield code="j">2462 SVI</subfield>
      <subfield code="U">Available</subfield>
      <subfield code="W">Mar 2, 2020</subfield>
      <subfield code="y">CS4056</subfield>
      <subfield code="Z">Împrumut la Sala</subfield>
    </datafield>
  </record>