
  <record>
    <leader>00000nam a2200000 a 4500</leader>
    <controlfield tag="008">200302s1775####|||||||||||||||||#||####u</controlfield>
    <datafield tag="050" ind1=" " ind2=" ">
      <subfield code="a">094.1(437); 232.931</subfield>
    </datafield>
    <datafield tag="245" ind1="0" ind2="0">
      <subfield code="a">Maria Agonizantium Mater, exemplis declarata Quam felix ejus clientum sit mors. At que Aliquot bene moriendi praxibus explicata.</subfield>
      <subfield code="h">[Carte tipărită]</subfield>
    </datafield>
    <datafield tag="260" ind1=" " ind2=" ">
      <subfield code="a">Tyrnavia</subfield>
      <subfield code="b">Typis Tyrnaviensibus</subfield>
      <subfield code="c">1775</subfield>
    </datafield>
    <datafield tag="300" ind1=" " ind2=" ">
      <subfield code="a">[10] f.; p. 3-118 ; 14 cm</subfield>
    </datafield>
    <datafield tag="500" ind1=" " ind2=" ">
      <subfield code="a">Legătura: coperți din carton recent marmorat.</subfield>
    </datafield>
    <datafield tag="650" ind1=" " ind2=" ">
      <subfield code="a">carte străină veche</subfield>
    </datafield>
    <datafield tag="650" ind1=" " ind2=" ">
      <subfield code="a">Sfânta Maria</subfield>
    </datafield>
    <datafield tag="650" ind1=" " ind2=" ">
      <subfield code="a">teologie</subfield>
    </datafield>
    <datafield tag="995" ind1=" " ind2=" ">
      <subfield code="a">Colecţii Speciale - CS</subfield>
      <subfield code="D">0.01</subfield>
      <subfield code="e">CS3095</subfield>
      <subfield code="F">Sediul_Central_A</subfield>
      <subfield code="j">1960 SIV</subfield>
      <subfield code="U">Available</subfield>
      <subfield code="W">Mar 2, 2020</subfield>
      <subfield code="y">CS3095</subfield>
      <subfield code="Z">Împrumut la Sala</subfield>
    </datafield>
  </record>