
  <record>
    <leader>00000nam a2200000 a 4500</leader>
    <controlfield tag="008">200302s1725####|||||||||||||||||#||####u</controlfield>
    <datafield tag="050" ind1=" " ind2=" ">
      <subfield code="a">094.1(437); 239.9</subfield>
    </datafield>
    <datafield tag="100" ind1=" " ind2=" ">
      <subfield code="a">Banoczi, Joannis</subfield>
    </datafield>
    <datafield tag="245" ind1="1" ind2="0">
      <subfield code="a">Theologia Polemica Propositionibus Scholasticis praefixa sive Prima Orthodoxa Fidei capita in disceptationem, Judice Augustino vocata, a Partibus controvertentibus quae sub Gratiosis Auspicis admodum rev. Domini, Domini Joannis Banoczi, Cathed. Eccl. Agrient: Plebani zelantist: Patroni fui Munificentissimi Publice disputationi propofuerunt Praeside Rever. ad Clarissimo P. Wolffgango Bossani...</subfield>
      <subfield code="c">Joannis Banoczi</subfield>
      <subfield code="h">[Carte tipărită]</subfield>
    </datafield>
    <datafield tag="260" ind1=" " ind2=" ">
      <subfield code="a">Barthphae</subfield>
      <subfield code="b">Typis Civ. per Thomas Scholtz</subfield>
      <subfield code="c">1725</subfield>
    </datafield>
    <datafield tag="300" ind1=" " ind2=" ">
      <subfield code="a">[2] f.; 104 p.; [7] f. ; 13 cm</subfield>
    </datafield>
    <datafield tag="500" ind1=" " ind2=" ">
      <subfield code="a">Legătura: coperți din carton recent marmorat. Însemnări: fila de titlu: Ex libris [...] Ladisli 1739; Conventus Cibinis.</subfield>
    </datafield>
    <datafield tag="650" ind1=" " ind2=" ">
      <subfield code="a">teologie</subfield>
    </datafield>
    <datafield tag="650" ind1=" " ind2=" ">
      <subfield code="a">teologie polemică</subfield>
    </datafield>
    <datafield tag="650" ind1=" " ind2=" ">
      <subfield code="a">carte străină veche</subfield>
    </datafield>
    <datafield tag="995" ind1=" " ind2=" ">
      <subfield code="a">Colecţii Speciale - CS</subfield>
      <subfield code="D">0.01</subfield>
      <subfield code="e">CS3094</subfield>
      <subfield code="F">Sediul_Central_A</subfield>
      <subfield code="j">1959 SIV</subfield>
      <subfield code="U">Available</subfield>
      <subfield code="W">Mar 2, 2020</subfield>
      <subfield code="y">CS3094</subfield>
      <subfield code="Z">Împrumut la Sala</subfield>
    </datafield>
  </record>