
  <record>
    <leader>00000nam a2200000 a 4500</leader>
    <controlfield tag="008">200302s1751####|||||||||||||||||#||####u</controlfield>
    <datafield tag="050" ind1=" " ind2=" ">
      <subfield code="a">340.12; 094.1(430)</subfield>
    </datafield>
    <datafield tag="100" ind1=" " ind2=" ">
      <subfield code="a">Darjes, Joachim Georg/Daries, Ioachim Georg</subfield>
    </datafield>
    <datafield tag="245" ind1="1" ind2="0">
      <subfield code="a">Ioach. Georgii Darjes [...] Observationes Iuris Naturalis Socialis et Gentium ad Ordinem Systematis Sui Selectae</subfield>
      <subfield code="c">Ioach. Georgii Darjes Serenissimo Duci Sax. Vin. et Isen. A Consiliis Aulicis Phil. et I. V. D. Phil Mor. et Pol. P. P. O.</subfield>
      <subfield code="h">[Carte tipărită]</subfield>
    </datafield>
    <datafield tag="260" ind1=" " ind2=" ">
      <subfield code="a">Ienae (Jena)</subfield>
      <subfield code="b">Sumptibus Theod. Wilh. Ernes.t Güth</subfield>
      <subfield code="c">1751</subfield>
    </datafield>
    <datafield tag="300" ind1=" " ind2=" ">
      <subfield code="a">[8] p., 360 p. ; 21 cm</subfield>
    </datafield>
    <datafield tag="500" ind1=" " ind2=" ">
      <subfield code="a">Legătura: coperți de carton marmorat, stare de conservare bună. Observații: pe recto-ul paginii de titlu - ștampilă dreptunghiulară cu textul: „Biblioteca Astrei (Asociațiunea pentru lit. rom. și cultura poporului român) Centrala Sibiu Nr. 619; pe verso-ul paginii de titlu și pe ultima pagină - ștampilă ovală cu textul: „Biblioteca Astra Sibiu”; la p. 20, p. 51, p. 165, p. 315, - ștampilă ovală cu textul: „Biblioteca Centrală a Asociațiunii Sibiiu”; vinietă pe recto-ul paginii de titlu.</subfield>
    </datafield>
    <datafield tag="650" ind1=" " ind2=" ">
      <subfield code="a">drept natural</subfield>
    </datafield>
    <datafield tag="650" ind1=" " ind2=" ">
      <subfield code="a">carte străină veche</subfield>
    </datafield>
    <datafield tag="650" ind1=" " ind2=" ">
      <subfield code="a">drept</subfield>
    </datafield>
    <datafield tag="650" ind1=" " ind2=" ">
      <subfield code="a">filosofia dreptului</subfield>
    </datafield>
    <datafield tag="856" ind1=" " ind2=" ">
      <subfield code="u">http://www.dspace.bjastrasibiu.ro/bitstream/123456789/10403/1/BJA_CS_004035_CSV_0001-0370.pdf</subfield>
    </datafield>
    <datafield tag="995" ind1=" " ind2=" ">
      <subfield code="a">Colecţii Speciale - CS</subfield>
      <subfield code="D">0.01</subfield>
      <subfield code="e">CS4035</subfield>
      <subfield code="F">Sediul_Central_A</subfield>
      <subfield code="j">2394 SV</subfield>
      <subfield code="U">Available</subfield>
      <subfield code="W">Mar 2, 2020</subfield>
      <subfield code="y">CS4035</subfield>
      <subfield code="Z">Împrumut la Sala</subfield>
    </datafield>
  </record>