
  <record>
    <leader>00000nam a2200000 a 4500</leader>
    <controlfield tag="008">200302s1719####|||||||||||||||||#||####u</controlfield>
    <datafield tag="050" ind1=" " ind2=" ">
      <subfield code="a">094.1(430); 821.124'06-1</subfield>
    </datafield>
    <datafield tag="100" ind1=" " ind2=" ">
      <subfield code="a">Galler, Leopoldum</subfield>
    </datafield>
    <datafield tag="245" ind1="1" ind2="0">
      <subfield code="a">Daphnis Pastor, seu S. Xaverus Philosophorum Patronus Per Apostolicos vitae labores Sacris Eclogis Celebratu et honoribus, Illustrissimorum, Perillustrium, Reverendorum, Religiosorum, Praenobilium, Nobilium, ac eruditorum Dominorum Dominorum AA. LL. &amp; Philosophiae Neo-Magistrorum, Dum per R. P. Leopoldum Galler, e Societate Jesu AA. LL. &amp; Philosophiae Doctorem, ejusdemque Professorem emeritum, nec non inclytae Facultatis Philosophicae Seniorem Consistorialem...</subfield>
      <subfield code="c">Leopoldum Galler</subfield>
      <subfield code="h">[Carte tipărită]</subfield>
    </datafield>
    <datafield tag="260" ind1=" " ind2=" ">
      <subfield code="a">Viena</subfield>
      <subfield code="b">Typis Mariae Evae Schmidin</subfield>
      <subfield code="c">1719</subfield>
    </datafield>
    <datafield tag="300" ind1=" " ind2=" ">
      <subfield code="a">[2] f.; 68 p. ; 16 cm</subfield>
    </datafield>
    <datafield tag="500" ind1=" " ind2=" ">
      <subfield code="a">Legătura: coperți din carton recent marmorat. Însemnări: fila de titlu: liber Conventu Cibiniensis</subfield>
    </datafield>
    <datafield tag="650" ind1=" " ind2=" ">
      <subfield code="a">carte străină veche</subfield>
    </datafield>
    <datafield tag="650" ind1=" " ind2=" ">
      <subfield code="a">literatură</subfield>
    </datafield>
    <datafield tag="650" ind1=" " ind2=" ">
      <subfield code="a">poezii</subfield>
    </datafield>
    <datafield tag="650" ind1=" " ind2=" ">
      <subfield code="a">literatură latină</subfield>
    </datafield>
    <datafield tag="856" ind1=" " ind2=" ">
      <subfield code="u">http://www.dspace.bjastrasibiu.ro/bitstream/123456789/10659/1/BJA_CS_003319_CSV_0001-0078.pdf</subfield>
    </datafield>
    <datafield tag="995" ind1=" " ind2=" ">
      <subfield code="a">Colecţii Speciale - CS</subfield>
      <subfield code="D">0.01</subfield>
      <subfield code="e">CS3319</subfield>
      <subfield code="F">Sediul_Central_A</subfield>
      <subfield code="j">2092 SIV</subfield>
      <subfield code="U">Available</subfield>
      <subfield code="W">Mar 2, 2020</subfield>
      <subfield code="y">CS3319</subfield>
      <subfield code="Z">Împrumut la Sala</subfield>
    </datafield>
  </record>