
  <record>
    <leader>00000nam a2200000 a 4500</leader>
    <controlfield tag="008">200302s1711####|||||||||||||||||#||####u</controlfield>
    <datafield tag="050" ind1=" " ind2=" ">
      <subfield code="a">094.1(430); 241.13</subfield>
    </datafield>
    <datafield tag="100" ind1=" " ind2=" ">
      <subfield code="a">Duns-Scoti, Joannis</subfield>
    </datafield>
    <datafield tag="245" ind1="1" ind2="0">
      <subfield code="a">Actus Humanus indifferens. Ad Mentem Doctoris Subtilis Joannis Duns Scoti Examinatus, ac publicae Disputationi expositus sub Comitis Provincialibus celebratis in Conventu Monacensi F.F. Min. S. P. Francisci Reformatorum. Praeside P.F. Stanislao Karg, Praefati Ordinis &amp; Conventus in Studio Generali SS. Theologiae Lectore Ordinario...</subfield>
      <subfield code="c">Joannis Duns Scoti</subfield>
      <subfield code="h">[Carte tipărită]</subfield>
    </datafield>
    <datafield tag="260" ind1=" " ind2=" ">
      <subfield code="a">Monachii</subfield>
      <subfield code="b">Typis Joannis Lucae Straubij</subfield>
      <subfield code="c">1711</subfield>
    </datafield>
    <datafield tag="300" ind1=" " ind2=" ">
      <subfield code="a">[6] f.; 115 p. ; 15 cm</subfield>
    </datafield>
    <datafield tag="500" ind1=" " ind2=" ">
      <subfield code="a">Legătura: coperți din carton recent. Însemnări: foaia de gardă: Paulus Pirfi; coperta 3: Magnus et laudabilis rinus </subfield>
    </datafield>
    <datafield tag="650" ind1=" " ind2=" ">
      <subfield code="a">teologie morală</subfield>
    </datafield>
    <datafield tag="650" ind1=" " ind2=" ">
      <subfield code="a">teologie</subfield>
    </datafield>
    <datafield tag="650" ind1=" " ind2=" ">
      <subfield code="a">carte străină veche</subfield>
    </datafield>
    <datafield tag="856" ind1=" " ind2=" ">
      <subfield code="u">http://www.dspace.bjastrasibiu.ro/bitstream/123456789/10658/1/BJA_CS_003317_CSV_0001-0136.pdf</subfield>
    </datafield>
    <datafield tag="995" ind1=" " ind2=" ">
      <subfield code="a">Colecţii Speciale - CS</subfield>
      <subfield code="D">0.01</subfield>
      <subfield code="e">CS3317</subfield>
      <subfield code="F">Sediul_Central_A</subfield>
      <subfield code="j">2090 SIV</subfield>
      <subfield code="U">Available</subfield>
      <subfield code="W">Mar 2, 2020</subfield>
      <subfield code="y">CS3317</subfield>
      <subfield code="Z">Împrumut la Sala</subfield>
    </datafield>
  </record>