
  <record>
    <leader>00000nam a2200000 a 4500</leader>
    <controlfield tag="008">200302s1717####|||||||||||||||||#||####u</controlfield>
    <datafield tag="050" ind1=" " ind2=" ">
      <subfield code="a">094.1(430); 264-7</subfield>
    </datafield>
    <datafield tag="100" ind1=" " ind2=" ">
      <subfield code="a">Karg, Stanislao</subfield>
    </datafield>
    <datafield tag="245" ind1="1" ind2="0">
      <subfield code="a">Recidivus Medice quidem, non tamen misere, sed feliciter vivens seu Praxes Theologicae pro Cenfessionali applicandae, de consuetudine, et occasione proxima peccandi. Unacum Parergis speculativis de Sacramentis in genere, &amp; in specie, Sacrificio Missae; nec de Censuris Ecclesiasticis: Examini litterario publico subjectae In Conventu, ac Studio Theologico Frisingensi FF. Minorum S. P. Francisci Reform. Praeside P. F. Stanislao Karg, dicti Ord. Conventus &amp; Studij SS. Theologiae Lectore Ordinario...</subfield>
      <subfield code="c">Stanislao Karg</subfield>
      <subfield code="h">[Carte tipărită]</subfield>
    </datafield>
    <datafield tag="260" ind1=" " ind2=" ">
      <subfield code="a">Monachii</subfield>
      <subfield code="b">Typis Joannis Lucae Straubij</subfield>
      <subfield code="c">1717</subfield>
    </datafield>
    <datafield tag="300" ind1=" " ind2=" ">
      <subfield code="a">[1] f.; 144 p.; [3] f. ; 15 cm</subfield>
    </datafield>
    <datafield tag="500" ind1=" " ind2=" ">
      <subfield code="a">Legătura: coperți din carton recent marmorat. Însemnări: coperta 2: Beniteus femes Provincia bavarica Hominus; fila de titlu: Con Cibin</subfield>
    </datafield>
    <datafield tag="650" ind1=" " ind2=" ">
      <subfield code="a">teologie</subfield>
    </datafield>
    <datafield tag="650" ind1=" " ind2=" ">
      <subfield code="a">sacramente</subfield>
    </datafield>
    <datafield tag="650" ind1=" " ind2=" ">
      <subfield code="a">carte străină veche</subfield>
    </datafield>
    <datafield tag="995" ind1=" " ind2=" ">
      <subfield code="a">Colecţii Speciale - CS</subfield>
      <subfield code="D">0.01</subfield>
      <subfield code="e">CS3315</subfield>
      <subfield code="F">Sediul_Central_A</subfield>
      <subfield code="j">2088 SIV</subfield>
      <subfield code="U">Available</subfield>
      <subfield code="W">Mar 2, 2020</subfield>
      <subfield code="y">CS3315</subfield>
      <subfield code="Z">Împrumut la Sala</subfield>
    </datafield>
  </record>