
  <record>
    <leader>00000nam a2200000 a 4500</leader>
    <controlfield tag="008">200302s1768####|||||||||||||||||#||####u</controlfield>
    <datafield tag="050" ind1=" " ind2=" ">
      <subfield code="a">239:271.3; 094.1(439)</subfield>
    </datafield>
    <datafield tag="100" ind1=" " ind2=" ">
      <subfield code="a">Transylvanus, Josephus Antonius</subfield>
    </datafield>
    <datafield tag="245" ind1="1" ind2="0">
      <subfield code="a">Josephi Antonii Transylvani, Adversus Vindicias Fr. Hyacinthi Campion, à Buda, ex Ordine Minorum Observantium Presbyteri. Utrasque. Apologia Altera</subfield>
      <subfield code="c">Josephus Antonius Transylvanus</subfield>
      <subfield code="h">[Carte tipărită]</subfield>
    </datafield>
    <datafield tag="260" ind1=" " ind2=" ">
      <subfield code="a">Agriae (Eger)</subfield>
      <subfield code="b">Typis Scholae Episcopalis</subfield>
      <subfield code="c">1768</subfield>
    </datafield>
    <datafield tag="300" ind1=" " ind2=" ">
      <subfield code="a">[36] p., 92 p. ; 17 cm</subfield>
    </datafield>
    <datafield tag="500" ind1=" " ind2=" ">
      <subfield code="a">Legătura: coperți de carton cu motiva florale. Însemnări: pe pagina de titlu - textul: „Conventus Cibiniens”. Observații: pe verso-ul paginii de titlu și pe ultima pagină - ștampilă ovală cu textul: „Biblioteca Astra Sibiu”.</subfield>
    </datafield>
    <datafield tag="650" ind1=" " ind2=" ">
      <subfield code="a">Campion Hyacinth (Campion Jácint)</subfield>
    </datafield>
    <datafield tag="650" ind1=" " ind2=" ">
      <subfield code="a">carte străină veche</subfield>
    </datafield>
    <datafield tag="650" ind1=" " ind2=" ">
      <subfield code="a">ordine religioase</subfield>
    </datafield>
    <datafield tag="650" ind1=" " ind2=" ">
      <subfield code="a">franciscani</subfield>
    </datafield>
    <datafield tag="650" ind1=" " ind2=" ">
      <subfield code="a">teologie</subfield>
    </datafield>
    <datafield tag="650" ind1=" " ind2=" ">
      <subfield code="a">teologie creştină</subfield>
    </datafield>
    <datafield tag="650" ind1=" " ind2=" ">
      <subfield code="a">teologie polemică</subfield>
    </datafield>
    <datafield tag="856" ind1=" " ind2=" ">
      <subfield code="u">http://www.dspace.bjastrasibiu.ro/bitstream/123456789/10406/1/BJA_CS_003264_CSV_0001-0132.pdf</subfield>
    </datafield>
    <datafield tag="995" ind1=" " ind2=" ">
      <subfield code="a">Colecţii Speciale - CS</subfield>
      <subfield code="D">0.01</subfield>
      <subfield code="e">CS3264</subfield>
      <subfield code="F">Sediul_Central_A</subfield>
      <subfield code="j">2020 SIV</subfield>
      <subfield code="U">Available</subfield>
      <subfield code="W">Mar 2, 2020</subfield>
      <subfield code="y">CS3264</subfield>
      <subfield code="Z">Împrumut la Sala</subfield>
    </datafield>
  </record>