
  <record>
    <leader>00000nam a2200000 a 4500</leader>
    <controlfield tag="008">200229s1721####|||||||||||||||||#||####u</controlfield>
    <datafield tag="050" ind1=" " ind2=" ">
      <subfield code="a">243; 094.1(437)</subfield>
    </datafield>
    <datafield tag="245" ind1="0" ind2="0">
      <subfield code="a">Vera Sapientia vel Utilissimae Considerationes Ad acquirendum sanctum Dei timorem, distributae in singulos hebdomadae dies. Accedit Consideratio de Confessione ritè instituenda. Omnia Italicè primum scripta à quodam Societatis Jesu Religioso. Nunc latinitate donata. Dilingae impressa anno 1678. Nunc reimpressa Olomucii typis Joan. Adami Auinger, An: M.DCC.XXI</subfield>
      <subfield code="h">[Carte tipărită]</subfield>
    </datafield>
    <datafield tag="260" ind1=" " ind2=" ">
      <subfield code="a">Olomucii (Olomouc, Cehia)</subfield>
      <subfield code="b">Typis Joan. Adami Auinger</subfield>
      <subfield code="c">1721</subfield>
    </datafield>
    <datafield tag="300" ind1=" " ind2=" ">
      <subfield code="a">96 p. ; 12 cm</subfield>
    </datafield>
    <datafield tag="500" ind1=" " ind2=" ">
      <subfield code="a">Legătura: coperți de carton învelite în piele, cotor deteriorat. Însemnări: pe recto-ul paginii de titlu - textul: „Convent. Cibieniensis”. Observații: pe recto-ul paginii de titlu și pe ultima pagină - ștampilă ovală cu textul: „Biblioteca Astra Sibiu”.</subfield>
    </datafield>
    <datafield tag="650" ind1=" " ind2=" ">
      <subfield code="a">cărţi de rugăciuni</subfield>
    </datafield>
    <datafield tag="650" ind1=" " ind2=" ">
      <subfield code="a">rugaciuni</subfield>
    </datafield>
    <datafield tag="650" ind1=" " ind2=" ">
      <subfield code="a">carte străină veche</subfield>
    </datafield>
    <datafield tag="650" ind1=" " ind2=" ">
      <subfield code="a">teologie</subfield>
    </datafield>
    <datafield tag="856" ind1=" " ind2=" ">
      <subfield code="u">http://www.dspace.bjastrasibiu.ro/bitstream/123456789/10399/1/BJA_CS_003091_CSV_0001-0100.pdf</subfield>
    </datafield>
    <datafield tag="995" ind1=" " ind2=" ">
      <subfield code="a">Colecţii Speciale - CS</subfield>
      <subfield code="D">0.01</subfield>
      <subfield code="e">CS3091</subfield>
      <subfield code="F">Sediul_Central_A</subfield>
      <subfield code="j">1956 SIV</subfield>
      <subfield code="U">Available</subfield>
      <subfield code="W">Mar 2, 2020</subfield>
      <subfield code="y">CS3091</subfield>
      <subfield code="Z">Împrumut la Sala</subfield>
    </datafield>
  </record>