
  <record>
    <leader>00000nam a2200000 a 4500</leader>
    <controlfield tag="008">200228s1721####|||||||||||||||||#||####u</controlfield>
    <datafield tag="050" ind1=" " ind2=" ">
      <subfield code="a">241; 094.1(437)</subfield>
    </datafield>
    <datafield tag="100" ind1=" " ind2=" ">
      <subfield code="a">Biesman, Caspar</subfield>
    </datafield>
    <datafield tag="245" ind1="1" ind2="0">
      <subfield code="a">Doctrina moralis, in brevissimum compendium, ex variis, probatisque auctoribus redacta; Omnibus pastoribus et animarum curatoribus facillima, et utilissima. A tribus Societatis Jesu patribus theologis visa, et approbata. Authore R. P. Casparo Biesman ... . Editio novissima, cum propositionibus damnatis aucta. Cum indice sententiarum à summis pontisicibus, Alexandro VII. Innocentio XI. Alexandro VIII., Urbano, &amp; Clemente XI prohibitarum</subfield>
      <subfield code="c">R. P. Casparo Biesman</subfield>
      <subfield code="h">[Carte tipărită]</subfield>
    </datafield>
    <datafield tag="250" ind1=" " ind2=" ">
      <subfield code="a">Ed. novissima, cum propositionibus damnatis aucta</subfield>
    </datafield>
    <datafield tag="260" ind1=" " ind2=" ">
      <subfield code="a">Pragae (Praga)</subfield>
      <subfield code="b">Prostat apud Conradum Mullem, Bibliopolam</subfield>
      <subfield code="c">1721</subfield>
    </datafield>
    <datafield tag="300" ind1=" " ind2=" ">
      <subfield code="a">[8] p., 292 p. ; 14 cm</subfield>
    </datafield>
    <datafield tag="500" ind1=" " ind2=" ">
      <subfield code="a">Legătura: coperti de carton. Observații: pe recto-ul paginii de titlu și pe ultima pagină - ștampilă ovală cu textul: „Biblioteca Astra Sibiu”.</subfield>
    </datafield>
    <datafield tag="650" ind1=" " ind2=" ">
      <subfield code="a">păcate</subfield>
    </datafield>
    <datafield tag="650" ind1=" " ind2=" ">
      <subfield code="a">carte străină veche</subfield>
    </datafield>
    <datafield tag="650" ind1=" " ind2=" ">
      <subfield code="a">teologie</subfield>
    </datafield>
    <datafield tag="650" ind1=" " ind2=" ">
      <subfield code="a">teologie morală</subfield>
    </datafield>
    <datafield tag="650" ind1=" " ind2=" ">
      <subfield code="a">virtuţi</subfield>
    </datafield>
    <datafield tag="856" ind1=" " ind2=" ">
      <subfield code="u">http://www.dspace.bjastrasibiu.ro/bitstream/123456789/10398/1/BJA_CS_001413_CSV_0001-0306.pdf</subfield>
    </datafield>
    <datafield tag="995" ind1=" " ind2=" ">
      <subfield code="a">Colecţii Speciale - CS</subfield>
      <subfield code="D">0.01</subfield>
      <subfield code="e">CS1413</subfield>
      <subfield code="F">Sediul_Central_A</subfield>
      <subfield code="j">1935 SIV</subfield>
      <subfield code="U">Available</subfield>
      <subfield code="W">Feb 28, 2020</subfield>
      <subfield code="y">CS1413</subfield>
      <subfield code="Z">Împrumut la Sala</subfield>
    </datafield>
  </record>