
  <record>
    <leader>00000nam a2200000 a 4500</leader>
    <controlfield tag="008">200228s1700####|||||||||||||||||#||####u</controlfield>
    <datafield tag="050" ind1=" " ind2=" ">
      <subfield code="a">094.1(437); 230.1</subfield>
    </datafield>
    <datafield tag="100" ind1=" " ind2=" ">
      <subfield code="a">Lissowsky, Ludovico</subfield>
    </datafield>
    <datafield tag="245" ind1="1" ind2="0">
      <subfield code="a">Theses ex Universa Theologia Scholastica, quas In Alma, Caesarea, Regia, &amp; Episcopali Universitate Olomucensi Societatis Jesu, praeside Reverendo, ac Eximio Patre, P. Ludovicu Lissowsky Societatis jesu SS. Theologiae doctore, ejusdemque in praefata Universitate Professore Publico &amp; Ordinario, nec non Facultatis Theologicae Seniore...</subfield>
      <subfield code="c">Ludovico Lissowsky</subfield>
      <subfield code="h">[Carte tipărită]</subfield>
    </datafield>
    <datafield tag="260" ind1=" " ind2=" ">
      <subfield code="a">Olomoucij</subfield>
      <subfield code="b">[S.n.]</subfield>
      <subfield code="c">1700</subfield>
    </datafield>
    <datafield tag="300" ind1=" " ind2=" ">
      <subfield code="a">[76] f. ; 15 cm</subfield>
    </datafield>
    <datafield tag="500" ind1=" " ind2=" ">
      <subfield code="a">Legătura: coperți din carton recent marmorat. Însemnări: coperta 2: No 2697 ad Theology; fila de titlu: E 37 Contus Cibiniensis</subfield>
    </datafield>
    <datafield tag="650" ind1=" " ind2=" ">
      <subfield code="a">teologie dogmatică</subfield>
    </datafield>
    <datafield tag="650" ind1=" " ind2=" ">
      <subfield code="a">carte străină veche</subfield>
    </datafield>
    <datafield tag="650" ind1=" " ind2=" ">
      <subfield code="a">teologie</subfield>
    </datafield>
    <datafield tag="995" ind1=" " ind2=" ">
      <subfield code="a">Colecţii Speciale - CS</subfield>
      <subfield code="D">0.01</subfield>
      <subfield code="e">CS3255</subfield>
      <subfield code="F">Sediul_Central_A</subfield>
      <subfield code="j">094.1(437); 230.1</subfield>
      <subfield code="U">Available</subfield>
      <subfield code="W">Feb 28, 2020</subfield>
      <subfield code="y">CS3255</subfield>
      <subfield code="Z">Împrumut la Sala</subfield>
    </datafield>
  </record>