
  <record>
    <leader>00000nam a2200000 a 4500</leader>
    <controlfield tag="008">200228s1749####|||||||||||||||||#||####u</controlfield>
    <datafield tag="050" ind1=" " ind2=" ">
      <subfield code="a">92 Ignatius de Loyola(042.5); 094.1(436)</subfield>
    </datafield>
    <datafield tag="100" ind1=" " ind2=" ">
      <subfield code="a">Pöck, Francisc de</subfield>
    </datafield>
    <datafield tag="245" ind1="1" ind2="0">
      <subfield code="a">Panegyricus Divo Ignatio de Lojola, Societatis Jesu Fundatori Dictus, Cum in Caesareo - Academica Societatis Jesu Ecclesia Ejusdem Sancti Novenna Solenni ritu inchoaretur, a Perillustri Adolescente Francisco de Pöck, Austriaco Viennensi, Humaniorum Literarum Studioso</subfield>
      <subfield code="c">Francisco de Pöck</subfield>
      <subfield code="h">[Carte tipărită]</subfield>
    </datafield>
    <datafield tag="260" ind1=" " ind2=" ">
      <subfield code="a">Vienae (Viena)</subfield>
      <subfield code="b">Ex Typographia Kaliwodiana</subfield>
      <subfield code="c">1749. Die XXX. Julii.</subfield>
    </datafield>
    <datafield tag="300" ind1=" " ind2=" ">
      <subfield code="a">22 p. ; 14 cm</subfield>
    </datafield>
    <datafield tag="500" ind1=" " ind2=" ">
      <subfield code="a">Legătura: coperți de carton învelite în piele; stare de conservare bună. Observații: pe verso-ul și recto-ul paginii de titlu și pe ultima pagină - ștampilă ovală cu textul: „Biblioteca Astra Sibiu”; este colligat cu lucrarea: „Scintillae Ignatianae sive S. Ignatii de Lojola, Societatis Jesu Fundatoris Apophtegmata Sacra a Reverendo Padre Gabriele Hevenesi, è Societate Jesu distributa...”  </subfield>
    </datafield>
    <datafield tag="650" ind1=" " ind2=" ">
      <subfield code="a">carte străină veche</subfield>
    </datafield>
    <datafield tag="650" ind1=" " ind2=" ">
      <subfield code="a">iezuiţi</subfield>
    </datafield>
    <datafield tag="650" ind1=" " ind2=" ">
      <subfield code="a">discursuri</subfield>
    </datafield>
    <datafield tag="650" ind1=" " ind2=" ">
      <subfield code="a">Ignatius de Loyola, Sfânt</subfield>
    </datafield>
    <datafield tag="650" ind1=" " ind2=" ">
      <subfield code="a">ordine religioase</subfield>
    </datafield>
    <datafield tag="995" ind1=" " ind2=" ">
      <subfield code="a">Colecţii Speciale - CS</subfield>
      <subfield code="D">0.01</subfield>
      <subfield code="e">CV1415</subfield>
      <subfield code="F">Sediul_Central_A</subfield>
      <subfield code="j">1937 SIV</subfield>
      <subfield code="U">Available</subfield>
      <subfield code="W">Feb 28, 2020</subfield>
      <subfield code="y">CV1415</subfield>
      <subfield code="Z">Împrumut la Sala</subfield>
    </datafield>
  </record>