
  <record>
    <leader>00000nam a2200000 a 4500</leader>
    <controlfield tag="008">200228s1708####|||||||||||||||||#||####u</controlfield>
    <datafield tag="050" ind1=" " ind2=" ">
      <subfield code="a">094.1(430); 271.4</subfield>
    </datafield>
    <datafield tag="100" ind1=" " ind2=" ">
      <subfield code="a">Pichler, Vito</subfield>
    </datafield>
    <datafield tag="245" ind1="1" ind2="0">
      <subfield code="a">Examen polemicum super Augustana Confessione videlicet An, Illa, sit, infallibile, Fidei Luthetanae Symbolum, tantaeque Auctoritatis, ut homo Veritatis ac Salutis suae amans possit prudenter ac tuto illi adhaerere, Fideque Divina credere, quae in illa continentur. Publicae Disquisitioni subjectum, praeside P. Vito Pichler Soc: Jesu, Theol. Polemicae Professore Ordinario a Rev. &amp; Doctiss. D. Josepho Ridt...</subfield>
      <subfield code="c">Vito Pichler</subfield>
      <subfield code="h">[Carte tipărită]</subfield>
    </datafield>
    <datafield tag="260" ind1=" " ind2=" ">
      <subfield code="a">Augustae</subfield>
      <subfield code="b">Typis Joannis Michaelis Labhatt</subfield>
      <subfield code="c">1708</subfield>
    </datafield>
    <datafield tag="300" ind1=" " ind2=" ">
      <subfield code="a">[3] f.; 191 p.; [6] p. ; 15 cm</subfield>
    </datafield>
    <datafield tag="500" ind1=" " ind2=" ">
      <subfield code="a">Legătura: coperți din carton recent marmorat. Însemnări: fila de titlu: Pro Convtu Cibins</subfield>
    </datafield>
    <datafield tag="650" ind1=" " ind2=" ">
      <subfield code="a">confesiunea augustană</subfield>
    </datafield>
    <datafield tag="650" ind1=" " ind2=" ">
      <subfield code="a">teologie creştină</subfield>
    </datafield>
    <datafield tag="650" ind1=" " ind2=" ">
      <subfield code="a">teologie</subfield>
    </datafield>
    <datafield tag="650" ind1=" " ind2=" ">
      <subfield code="a">carte străină veche</subfield>
    </datafield>
    <datafield tag="856" ind1=" " ind2=" ">
      <subfield code="u">http://www.dspace.bjastrasibiu.ro/bitstream/123456789/10400/1/BJA_CS_003258_CSV_0001-0208.pdf</subfield>
    </datafield>
    <datafield tag="995" ind1=" " ind2=" ">
      <subfield code="a">Colecţii Speciale - CS</subfield>
      <subfield code="D">0.01</subfield>
      <subfield code="e">CS3258</subfield>
      <subfield code="F">Sediul_Central_A</subfield>
      <subfield code="j">2015 SIV</subfield>
      <subfield code="U">Available</subfield>
      <subfield code="W">Feb 28, 2020</subfield>
      <subfield code="y">CS3258</subfield>
      <subfield code="Z">Împrumut la Sala</subfield>
    </datafield>
  </record>