
  <record>
    <leader>00000nam a2200000 a 4500</leader>
    <controlfield tag="008">200228s1711####|||||||||||||||||#||####u</controlfield>
    <datafield tag="050" ind1=" " ind2=" ">
      <subfield code="a">094.1(436); 232.1</subfield>
    </datafield>
    <datafield tag="100" ind1=" " ind2=" ">
      <subfield code="a">Heserus, Georgius</subfield>
    </datafield>
    <datafield tag="245" ind1="1" ind2="0">
      <subfield code="a">Vitae D. N. Jesu Christi Monotessaron Evangelicum, quod Ex quator Evangelistarum verbis ad unum Mysterium pertinentibus, pro Sacrarum Meditationum Materia, in singulos totius anni dies contexuit, ac distribuit, &amp; Olim edidit P. Georgius Heserus, e Societate Jesu, nunc vero Alma ac Venerabilis Sodalitas Major sub titulo Verbi incarnati...</subfield>
      <subfield code="c">Georgius Heserus ; tipograf Haeredes Widmanstadii</subfield>
      <subfield code="h">[Carte tipărită]</subfield>
    </datafield>
    <datafield tag="260" ind1=" " ind2=" ">
      <subfield code="a">Graeci</subfield>
      <subfield code="b">[S.n.]</subfield>
      <subfield code="c">1711</subfield>
    </datafield>
    <datafield tag="300" ind1=" " ind2=" ">
      <subfield code="a">[4] f.; 239 p.; [1] p. ; 13 cm</subfield>
    </datafield>
    <datafield tag="500" ind1=" " ind2=" ">
      <subfield code="a">Legătura: coperți din carton legate în piele. Însemnări: fila de gardă v: n 73 Ad Simplicem usum P. Polycarpi P 1717.</subfield>
    </datafield>
    <datafield tag="650" ind1=" " ind2=" ">
      <subfield code="a">teologie</subfield>
    </datafield>
    <datafield tag="650" ind1=" " ind2=" ">
      <subfield code="a">carte străină veche</subfield>
    </datafield>
    <datafield tag="650" ind1=" " ind2=" ">
      <subfield code="a">cristologie</subfield>
    </datafield>
    <datafield tag="650" ind1=" " ind2=" ">
      <subfield code="a">teologie creştină</subfield>
    </datafield>
    <datafield tag="856" ind1=" " ind2=" ">
      <subfield code="u">http://www.dspace.bjastrasibiu.ro/bitstream/123456789/10529/1/BJA_CS_001390_CSV_0001-0254.pdf</subfield>
    </datafield>
    <datafield tag="995" ind1=" " ind2=" ">
      <subfield code="a">Colecţii Speciale - CS</subfield>
      <subfield code="D">0.01</subfield>
      <subfield code="e">CS1390</subfield>
      <subfield code="F">Sediul_Central_A</subfield>
      <subfield code="j">1917 SIV</subfield>
      <subfield code="U">Available</subfield>
      <subfield code="W">Feb 28, 2020</subfield>
      <subfield code="y">CS1390</subfield>
      <subfield code="Z">Împrumut la Sala</subfield>
    </datafield>
  </record>