
  <record>
    <leader>00000nam a2200000 a 4500</leader>
    <controlfield tag="008">200228s1741####|||||||||||||||||#||####u</controlfield>
    <datafield tag="050" ind1=" " ind2=" ">
      <subfield code="a">094.1(437); 248.1</subfield>
    </datafield>
    <datafield tag="100" ind1=" " ind2=" ">
      <subfield code="a">Arvai, Georgium</subfield>
    </datafield>
    <datafield tag="245" ind1="1" ind2="0">
      <subfield code="a">Mensis Theologiae asceticae sive Piae Meditationes, in singulos mensis dies. Excerptae Majori parte ex Ascesi Octiduana R. P. Nicolai Elffen e Soc. Jesu. Honoribus Illustrissimorum Admodum Reverendorum, Reverendorum, Nobilium, Excellentium, ac Doctissimorum DD. SS. Theologiae Baccalaureorum Formatorum: Dum per R. P. Georgium Arvaie Soc. Jesu, SS. Theologiae Doctorem, ejusdem in Alma Episcopali Universitate Cassoviensi Professorem ordinarium... </subfield>
      <subfield code="c">Georgium Arvai</subfield>
      <subfield code="h">[Carte tipărită]</subfield>
    </datafield>
    <datafield tag="260" ind1=" " ind2=" ">
      <subfield code="a">Cassoviae</subfield>
      <subfield code="b">Typis Academicis per Carolum Marklinger</subfield>
      <subfield code="c">1741</subfield>
    </datafield>
    <datafield tag="300" ind1=" " ind2=" ">
      <subfield code="a">[4] f.; 160 p. ; 13 cm</subfield>
    </datafield>
    <datafield tag="500" ind1=" " ind2=" ">
      <subfield code="a">Legătura: coperți din carton recent marmorat.</subfield>
    </datafield>
    <datafield tag="650" ind1=" " ind2=" ">
      <subfield code="a">teologie ascetică</subfield>
    </datafield>
    <datafield tag="650" ind1=" " ind2=" ">
      <subfield code="a">teologie</subfield>
    </datafield>
    <datafield tag="650" ind1=" " ind2=" ">
      <subfield code="a">carte străină veche</subfield>
    </datafield>
    <datafield tag="856" ind1=" " ind2=" ">
      <subfield code="u">http://www.dspace.bjastrasibiu.ro/bitstream/123456789/10478/1/BJA_CS_001393_CSV_0001-0222.pdf</subfield>
    </datafield>
    <datafield tag="995" ind1=" " ind2=" ">
      <subfield code="a">Colecţii Speciale - CS</subfield>
      <subfield code="D">0.01</subfield>
      <subfield code="e">CS1393</subfield>
      <subfield code="F">Sediul_Central_A</subfield>
      <subfield code="j">1919 SIV</subfield>
      <subfield code="U">Available</subfield>
      <subfield code="W">Feb 28, 2020</subfield>
      <subfield code="y">CS1393</subfield>
      <subfield code="Z">Împrumut la Sala</subfield>
    </datafield>
  </record>