
  <record>
    <leader>00000nam a2200000 a 4500</leader>
    <controlfield tag="008">200228s1749####|||||||||||||||||#||####u</controlfield>
    <datafield tag="050" ind1=" " ind2=" ">
      <subfield code="a">271.5:242; 094.1(436)</subfield>
    </datafield>
    <datafield tag="100" ind1=" " ind2=" ">
      <subfield code="a">Ignatius de Loyola, Sfântul</subfield>
    </datafield>
    <datafield tag="245" ind1="1" ind2="0">
      <subfield code="a">Scintillae Ignatianae sive S. Ignatii de Lojola, Societatis Jesu Fundatoris Apophtegmata Sacra a Reverendo Padre Gabriele Hevenesi, è Societate Jesu distributa. Nunc vero a Bibliotheca Mariana, Societ. Jesu Viennae Austriae recusa, cum in Caes. &amp; Acad. templo ejusd. Societatis à Perillustri Adolescente Francisco de Pöck, Humaniorum Literarum Studioso Novendialis Devotio Panegyrica dictione inchoareturi</subfield>
      <subfield code="c">S. Ignatio de Loyola, Reverendo Padre Gabriele Hevenesi... distributa</subfield>
      <subfield code="h">[Carte tipărită]</subfield>
    </datafield>
    <datafield tag="260" ind1=" " ind2=" ">
      <subfield code="a">Viennae Austriae</subfield>
      <subfield code="b">Ex Typographia Kaliwodiana</subfield>
      <subfield code="c">1749</subfield>
    </datafield>
    <datafield tag="300" ind1=" " ind2=" ">
      <subfield code="a">444 p. ; 15 cm</subfield>
    </datafield>
    <datafield tag="500" ind1=" " ind2=" ">
      <subfield code="a">Greșeli de paginație: p. 430 e numerotată 230. Legătura: coperți de carton învelite în piele; stare de conservare bună; pe cotor se păstrează titlul lucrării: „Scintillae Ignatianae”. Însemnări de proprietate: pe recto-ul paginii de titlu - textul: „Convent. Cibiniensi”. Observații: pe verso-ul paginii de titlu și pe ultima pagină - ștampilă ovală cu textul: „Biblioteca Astra Sibiu”; este colligat cu lucrarea: „Panegyricus Divo Ignatio de Lojola, Societatis Jesu Fundatori Dictus, Cum in Caesareo - Academica Societatis Jesu  Ecclesia Ejusdem Sancti Novenna Solenni ritu inchoaretur, a Perillustri Adolescente Francisco de Pöck, ...”</subfield>
    </datafield>
    <datafield tag="650" ind1=" " ind2=" ">
      <subfield code="a">iezuiţi</subfield>
    </datafield>
    <datafield tag="650" ind1=" " ind2=" ">
      <subfield code="a">cărţi de meditaţie</subfield>
    </datafield>
    <datafield tag="650" ind1=" " ind2=" ">
      <subfield code="a">rugaciuni</subfield>
    </datafield>
    <datafield tag="650" ind1=" " ind2=" ">
      <subfield code="a">carte străină veche</subfield>
    </datafield>
    <datafield tag="650" ind1=" " ind2=" ">
      <subfield code="a">teologie</subfield>
    </datafield>
    <datafield tag="650" ind1=" " ind2=" ">
      <subfield code="a">teologie practică</subfield>
    </datafield>
    <datafield tag="650" ind1=" " ind2=" ">
      <subfield code="a">ordine religioase</subfield>
    </datafield>
    <datafield tag="700" ind1=" " ind2=" ">
      <subfield code="a">Hevenesi Gábor (Hevenesi, Gabriel)</subfield>
    </datafield>
    <datafield tag="995" ind1=" " ind2=" ">
      <subfield code="a">Colecţii Speciale - CS</subfield>
      <subfield code="D">0.01</subfield>
      <subfield code="e">CS1414</subfield>
      <subfield code="F">Sediul_Central_A</subfield>
      <subfield code="j">1936 SIV</subfield>
      <subfield code="U">Available</subfield>
      <subfield code="W">Feb 28, 2020</subfield>
      <subfield code="y">CS1414</subfield>
      <subfield code="Z">Împrumut la Sala</subfield>
    </datafield>
  </record>