
  <record>
    <leader>00000nam a2200000 a 4500</leader>
    <controlfield tag="008">200228s1742####|||||||||||||||||#||####u</controlfield>
    <datafield tag="050" ind1=" " ind2=" ">
      <subfield code="a">094.1(437); 261.31/34</subfield>
    </datafield>
    <datafield tag="100" ind1=" " ind2=" ">
      <subfield code="a">Campiani, Edmundi</subfield>
    </datafield>
    <datafield tag="245" ind1="1" ind2="0">
      <subfield code="a">Edmundi Campiani Soc. Jesu Theologi, Odio Religionis Catholicae ab Haereticis in Anglia occisi, Oblati in causa fidei certaminis rationes decem Redditae Academicis Angliae, ac Reverendis, Religiosis, Nobilibus, Excellentibus, Doctissimis, DD. AA. LL. &amp; Philosophiae Magistris, pro prima SS. Theologiae Laurea Candidatis, Dum per Reverendum Patrem Franciscum Graffheiden, e Societate Jesu, SS. Theologiae Doctorem, ejusdemque in Alma, ac Celeberrima Archi-Episcopali Universitate Tyrnaviensi Professorem...</subfield>
      <subfield code="c">Edmundi Campiani</subfield>
      <subfield code="h">[Carte tipărită]</subfield>
    </datafield>
    <datafield tag="260" ind1=" " ind2=" ">
      <subfield code="a">Tirnaviae</subfield>
      <subfield code="b">Typis Academicis Soc. Jesu</subfield>
      <subfield code="c">1742</subfield>
    </datafield>
    <datafield tag="300" ind1=" " ind2=" ">
      <subfield code="a">[5] f.; 133 p. ; 14 cm</subfield>
    </datafield>
    <datafield tag="500" ind1=" " ind2=" ">
      <subfield code="a">Legătura: coperți din carton recent marorat. Însemnări: fila de titlu: Conventus Cibiniensis Contus Cibiniensis 1794.</subfield>
    </datafield>
    <datafield tag="650" ind1=" " ind2=" ">
      <subfield code="a">carte străină veche</subfield>
    </datafield>
    <datafield tag="650" ind1=" " ind2=" ">
      <subfield code="a">teologie</subfield>
    </datafield>
    <datafield tag="650" ind1=" " ind2=" ">
      <subfield code="a">catolicism</subfield>
    </datafield>
    <datafield tag="650" ind1=" " ind2=" ">
      <subfield code="a">doctrina catolică</subfield>
    </datafield>
    <datafield tag="856" ind1=" " ind2=" ">
      <subfield code="u">http://www.dspace.bjastrasibiu.ro/bitstream/123456789/10418/1/BJA_CS_001401_CSV_0001-0148.pdf</subfield>
    </datafield>
    <datafield tag="995" ind1=" " ind2=" ">
      <subfield code="a">Colecţii Speciale - CS</subfield>
      <subfield code="D">0.01</subfield>
      <subfield code="e">CS1401</subfield>
      <subfield code="F">Sediul_Central_A</subfield>
      <subfield code="j">1926 SIV</subfield>
      <subfield code="U">Available</subfield>
      <subfield code="W">Feb 28, 2020</subfield>
      <subfield code="y">CS1401</subfield>
      <subfield code="Z">Împrumut la Sala</subfield>
    </datafield>
  </record>