
  <record>
    <leader>00000nam a2200000 a 4500</leader>
    <controlfield tag="008">200228s1743####|||||||||||||||||#||####u</controlfield>
    <datafield tag="050" ind1=" " ind2=" ">
      <subfield code="a">094.1(436); 265.31/34; 265.3</subfield>
    </datafield>
    <datafield tag="100" ind1=" " ind2=" ">
      <subfield code="a">Arias, Francisco</subfield>
    </datafield>
    <datafield tag="245" ind1="1" ind2="0">
      <subfield code="a">Exercitium Divinum de Praesentia Dei, Cum Annexis spiritualis documentis SS. Confessionis, &amp; Eucharistiae Sacramentis utiliter, ac cum fructu percipiendis. A R. P. Francisco Arias Societatis Jesu Theologo Primum Coloniae in lucem datum. Nunc denuo a Bibliotheca Mariana. Societatis Jesu. Viennae Austriae recusum</subfield>
      <subfield code="c">Francisco Arias</subfield>
      <subfield code="h">[Carte tipărită]</subfield>
    </datafield>
    <datafield tag="260" ind1=" " ind2=" ">
      <subfield code="a">Viena</subfield>
      <subfield code="b">Typis Francisci Andreae Kirchberger, Universitatis Typographi</subfield>
      <subfield code="c">1743</subfield>
    </datafield>
    <datafield tag="300" ind1=" " ind2=" ">
      <subfield code="a">205 p.; [7] p. ; 14 cm</subfield>
    </datafield>
    <datafield tag="500" ind1=" " ind2=" ">
      <subfield code="a">Legătura: coperți din carton recent marmorat. Însemnări: Ad usum Simplicem [...] libi 1789 die [...]</subfield>
    </datafield>
    <datafield tag="650" ind1=" " ind2=" ">
      <subfield code="a">sacramente</subfield>
    </datafield>
    <datafield tag="650" ind1=" " ind2=" ">
      <subfield code="a">doctrina catolică</subfield>
    </datafield>
    <datafield tag="650" ind1=" " ind2=" ">
      <subfield code="a">teologie creştină</subfield>
    </datafield>
    <datafield tag="650" ind1=" " ind2=" ">
      <subfield code="a">teologie</subfield>
    </datafield>
    <datafield tag="650" ind1=" " ind2=" ">
      <subfield code="a">carte străină veche</subfield>
    </datafield>
    <datafield tag="856" ind1=" " ind2=" ">
      <subfield code="u">http://www.dspace.bjastrasibiu.ro/bitstream/123456789/10479/1/BJA_CS_001402_CSV_0001-0224.pdf</subfield>
    </datafield>
    <datafield tag="995" ind1=" " ind2=" ">
      <subfield code="a">Colecţii Speciale - CS</subfield>
      <subfield code="D">0.01</subfield>
      <subfield code="e">CS1402</subfield>
      <subfield code="F">Sediul_Central_A</subfield>
      <subfield code="j">1927 SIV</subfield>
      <subfield code="U">Available</subfield>
      <subfield code="W">Feb 28, 2020</subfield>
      <subfield code="y">CS1402</subfield>
      <subfield code="Z">Împrumut la Sala</subfield>
    </datafield>
  </record>