
  <record>
    <leader>00000nam a2200000 a 4500</leader>
    <controlfield tag="008">200228s1708####|||||||||||||||||#||####u</controlfield>
    <datafield tag="050" ind1=" " ind2=" ">
      <subfield code="a">094.1(436); 265.31/34; 232.1</subfield>
    </datafield>
    <datafield tag="100" ind1=" " ind2=" ">
      <subfield code="a">Fisen, Bartholomaeo</subfield>
    </datafield>
    <datafield tag="245" ind1="1" ind2="0">
      <subfield code="a">Paradoxum Christiani laedi neminem Nisi a Seipso Authore Bartholomaeo Fisen, Leodiensi, e Soc. Jesu. DD. Sodalibus, e quatuor Academicis Facultatibus Sub Titulo B. Mariae V In Coelos assumptae, In Caesareo, &amp; Academico Soc. Jesu Collegio Viennae Congregatis Pro Xenio Oblatum. Anno M. DCC. VIII</subfield>
      <subfield code="c">Bartholomaeo Fisen</subfield>
      <subfield code="h">[Carte tipărită]</subfield>
    </datafield>
    <datafield tag="260" ind1=" " ind2=" ">
      <subfield code="a">Viena</subfield>
      <subfield code="b">Typis Annae Franciscae Voigtin</subfield>
      <subfield code="c">1708</subfield>
    </datafield>
    <datafield tag="300" ind1=" " ind2=" ">
      <subfield code="a">[4] f.; 284 p.; [4] f. ; 13 cm</subfield>
    </datafield>
    <datafield tag="500" ind1=" " ind2=" ">
      <subfield code="a">Legătura: coperți din carton legate în piele. Însemnări: coperta 2: Dono [...]</subfield>
    </datafield>
    <datafield tag="650" ind1=" " ind2=" ">
      <subfield code="a">cristologie</subfield>
    </datafield>
    <datafield tag="650" ind1=" " ind2=" ">
      <subfield code="a">teologie catolică</subfield>
    </datafield>
    <datafield tag="650" ind1=" " ind2=" ">
      <subfield code="a">teologie</subfield>
    </datafield>
    <datafield tag="650" ind1=" " ind2=" ">
      <subfield code="a">carte străină veche</subfield>
    </datafield>
    <datafield tag="995" ind1=" " ind2=" ">
      <subfield code="a">Colecţii Speciale - CS</subfield>
      <subfield code="D">0.01</subfield>
      <subfield code="e">CS1411</subfield>
      <subfield code="F">Sediul_Central_A</subfield>
      <subfield code="j">1929 SIV</subfield>
      <subfield code="U">Available</subfield>
      <subfield code="W">Feb 28, 2020</subfield>
      <subfield code="y">CS1411</subfield>
      <subfield code="Z">Împrumut la Sala</subfield>
    </datafield>
  </record>