
  <record>
    <leader>00000nam a2200000 a 4500</leader>
    <controlfield tag="008">200228s1750####|||||||||||||||||#||####u</controlfield>
    <datafield tag="050" ind1=" " ind2=" ">
      <subfield code="a">93(3) 008(100); 094.1(498.4)</subfield>
    </datafield>
    <datafield tag="110" ind1=" " ind2=" ">
      <subfield code="a">Societatis Sacerdote</subfield>
    </datafield>
    <datafield tag="245" ind1="1" ind2="0">
      <subfield code="a">Rudimenta Historica Sive Brevis, Facilisque Methodus Juventutem Orthodoxam notitia Historica imbuendi, pro Gymnasiis Societatis Jesu</subfield>
      <subfield code="c">Ejusdémque Societatis Sacerdote</subfield>
      <subfield code="h">[Carte tipărită]</subfield>
    </datafield>
    <datafield tag="260" ind1=" " ind2=" ">
      <subfield code="a">Claudiopoli [Cluj-Napoca]</subfield>
      <subfield code="b">Typis Academicis Soc. Jesu</subfield>
      <subfield code="c">175-</subfield>
    </datafield>
    <datafield tag="300" ind1=" " ind2=" ">
      <subfield code="a">vol.</subfield>
    </datafield>
    <datafield tag="650" ind1=" " ind2=" ">
      <subfield code="a">Transilvanice</subfield>
    </datafield>
    <datafield tag="650" ind1=" " ind2=" ">
      <subfield code="a">cultură și civilizație</subfield>
    </datafield>
    <datafield tag="650" ind1=" " ind2=" ">
      <subfield code="a">istoria bisericii</subfield>
    </datafield>
    <datafield tag="650" ind1=" " ind2=" ">
      <subfield code="a">geografie universală</subfield>
    </datafield>
    <datafield tag="650" ind1=" " ind2=" ">
      <subfield code="a">istorie universală</subfield>
    </datafield>
    <datafield tag="650" ind1=" " ind2=" ">
      <subfield code="a">istorie</subfield>
    </datafield>
  </record>