
  <record>
    <leader>00000nam a2200000 a 4500</leader>
    <controlfield tag="008">200227s1789####|||||||||||||||||#||####u</controlfield>
    <datafield tag="050" ind1=" " ind2=" ">
      <subfield code="a">094.1(436); 616-036.1</subfield>
    </datafield>
    <datafield tag="100" ind1=" " ind2=" ">
      <subfield code="a">Stoll, Maximilian</subfield>
    </datafield>
    <datafield tag="245" ind1="1" ind2="0">
      <subfield code="a">Maximiliani Stoll medicinae clinicae P. P. O. in Universitate Vindobonensi, Praelectiones in Diversos Morbos Chronicos. Post ejus obitum editit et praefatus est Josephus Eyerel. Volumen II</subfield>
      <subfield code="c">Maximiliani Stoll ; editor Josephus Eyerel</subfield>
      <subfield code="h">[Carte tipărită]</subfield>
    </datafield>
    <datafield tag="260" ind1=" " ind2=" ">
      <subfield code="a">Vindobonae (Viena)</subfield>
      <subfield code="b">Typis Christiani Friderici Wappler</subfield>
      <subfield code="c">1789</subfield>
    </datafield>
    <datafield tag="300" ind1=" " ind2=" ">
      <subfield code="a">[VI] p., 612 p. ; 20 cm</subfield>
    </datafield>
    <datafield tag="500" ind1=" " ind2=" ">
      <subfield code="a">Greșeli de paginație: p. 189 e numerotată 186; p. 390 e numerotată 338; p. 425 e numerotată 335; p. 467 e numerotată 567 și numărătoarea continuă greșit. Legătura: coperți din carton recent marmorat; pe copertă se păstrează autorul și titlul cărții: „Stoll. Praelectiones 2.” Observații: fila de gardă, recto-ul paginii de titlu, p. III, p. 3, 27, 33, 39, 45, 51, 73, 81, 97, 101, 129, 145, 153, 163, 169, 177, 195, 225, 233, 237, 261, 269, 307, 337, 339, 359, 381, 413, 417, 427, 453, 581, 597: ștampilă ovală cu textul: Biblioteca Centrală a Asociațiunii Sibiiu; fila de titlu, ștampilă dreptunghiulară cu textul: Biblioteca Astrei (Asociațiunea pentru lit. rom. și cultura poporului român). Centrala Sibiiu Nr. 672; pe verso-ul paginii de titlu și pe ultima pagină - ștampilă ovală cu textul: „Biblioteca Astra Sibiu”.</subfield>
    </datafield>
    <datafield tag="650" ind1=" " ind2=" ">
      <subfield code="a">carte străină veche</subfield>
    </datafield>
    <datafield tag="650" ind1=" " ind2=" ">
      <subfield code="a">medicină</subfield>
    </datafield>
    <datafield tag="650" ind1=" " ind2=" ">
      <subfield code="a">boli cronice</subfield>
    </datafield>
    <datafield tag="650" ind1=" " ind2=" ">
      <subfield code="a">afecţiuni cronice</subfield>
    </datafield>
    <datafield tag="995" ind1=" " ind2=" ">
      <subfield code="a">Colecţii Speciale - CS</subfield>
      <subfield code="D">0.01</subfield>
      <subfield code="e">CS4000</subfield>
      <subfield code="F">Sediul_Central_A</subfield>
      <subfield code="j">2401 SV</subfield>
      <subfield code="U">Available</subfield>
      <subfield code="W">Feb 27, 2020</subfield>
      <subfield code="y">CS4000</subfield>
      <subfield code="Z">Împrumut la Sala</subfield>
    </datafield>
  </record>