
  <record>
    <leader>00000nam a2200000 a 4500</leader>
    <controlfield tag="008">200227s1781####|||||||||||||||||#||####u</controlfield>
    <datafield tag="050" ind1=" " ind2=" ">
      <subfield code="a">094.1(439); 94(439); 94(498.4)</subfield>
    </datafield>
    <datafield tag="100" ind1=" " ind2=" ">
      <subfield code="a">Keza, M. Simonis de</subfield>
    </datafield>
    <datafield tag="245" ind1="1" ind2="0">
      <subfield code="a">M. Simonis de Keza Prebyteri Hungari Scriptoris saeculi XIII. Chronicon Hungaricum, quod ex codice membranaceo nunc primum et ad fidem apographi Vindobonensis et Budensis chronici sparsis quibusdam notis ac variantibus lectionibus excitat Alexius Horanyi, hungarus Budensis de CC. RR. Scholarum Piarum, AA. LL. et Phil. Doct. et Hist. Prof. Societatum Hasso-Homburg et Regiae Svecicae ac Electoralis Boicae Mumbrum Honorarium</subfield>
      <subfield code="c">M. Simonis de Keza</subfield>
      <subfield code="h">[Carte tipărită]</subfield>
    </datafield>
    <datafield tag="260" ind1=" " ind2=" ">
      <subfield code="a">Buda</subfield>
      <subfield code="b">Typis Catharinae Landerer Viduae</subfield>
      <subfield code="c">1781</subfield>
    </datafield>
    <datafield tag="300" ind1=" " ind2=" ">
      <subfield code="a">158 p. ; 22 cm</subfield>
    </datafield>
    <datafield tag="500" ind1=" " ind2=" ">
      <subfield code="a">Greșeli de paginație: p. 34 este numerotată 33, p. 81 este numerotată 83, p. 82 este numerotată 84 (numerotarea continuă greșit) Legătura: coperți din carton recent marmorat. Însemnări: fila de titlu r - însemnare manuscrisă: „G. Barițiu”. Observații: ștampilă dreptunghiulară cu textul:„ Biblioteca Astrei (Asociațiunea pentru lit. rom. și cultura poporului român)” pe fila de titlu r și la p. 3; o ștampilă ilizibilă, pe pagina de titlu r; ștampilă dreptunghiulară cu textul „Biblioteca „Astra” Sibiu” - la p. 101, 158; ștampilă ovală cu textul: „Biblioteca Astra Sibiu” - pe pagina de titlu r și p. 101; pe ultima pagină, sub text: ștampilă ovală cu textul: „Biblioteca Centrală a „Asociațiunii” Sibiiu” și o vinietă finală cu motive vegetale stilizate.</subfield>
    </datafield>
    <datafield tag="650" ind1=" " ind2=" ">
      <subfield code="a">carte străină veche</subfield>
    </datafield>
    <datafield tag="650" ind1=" " ind2=" ">
      <subfield code="a">istorie</subfield>
    </datafield>
    <datafield tag="650" ind1=" " ind2=" ">
      <subfield code="a">istoria Transilvaniei</subfield>
    </datafield>
    <datafield tag="650" ind1=" " ind2=" ">
      <subfield code="a">istoria Ungariei</subfield>
    </datafield>
    <datafield tag="856" ind1=" " ind2=" ">
      <subfield code="u">http://www.dspace.bjastrasibiu.ro/bitstream/123456789/10670/1/BJA_CS_004640_CSV_0001-0162.pdf</subfield>
    </datafield>
    <datafield tag="995" ind1=" " ind2=" ">
      <subfield code="a">Colecţii Speciale - CS</subfield>
      <subfield code="D">0.01</subfield>
      <subfield code="e">CS4640</subfield>
      <subfield code="F">Sediul_Central_A</subfield>
      <subfield code="j">1641 SIII</subfield>
      <subfield code="U">Available</subfield>
      <subfield code="W">Feb 27, 2020</subfield>
      <subfield code="y">CS4640</subfield>
      <subfield code="Z">Împrumut la Sala</subfield>
    </datafield>
  </record>