
  <record>
    <leader>00000nam a2200000 a 4500</leader>
    <controlfield tag="008">200227s1738####|||||||||||||||||#||####u</controlfield>
    <datafield tag="050" ind1=" " ind2=" ">
      <subfield code="a">094.1(436); 241.13</subfield>
    </datafield>
    <datafield tag="100" ind1=" " ind2=" ">
      <subfield code="a">Englmyr, Angelo</subfield>
    </datafield>
    <datafield tag="245" ind1="1" ind2="0">
      <subfield code="a">Series Impedimentorum Matrimonii Dirimentium Juxta Principia Theologiae Moralis, &amp; Juris Pontificii ordinata &amp; divulgata a P. F. Angelor Englmayr, Ord. Min. S. P. Francisci strictioris observantiae reformatae Provinciae Austriae S. Bernardini Theologiae Lectore Generali, &amp; Controversiarum fidei actuali, nec non Praeside, Dum Scholam Metro-Polemicam In conventu Puppingano ad S. Wolfgangum...</subfield>
      <subfield code="c">Angelo Englmayr</subfield>
      <subfield code="h">[Carte tipărită]</subfield>
    </datafield>
    <datafield tag="260" ind1=" " ind2=" ">
      <subfield code="a">Lincii</subfield>
      <subfield code="b">Typis Joannis Caspari Leidenmayr, Statuum Superioris Austriae Typographi</subfield>
      <subfield code="c">1738</subfield>
    </datafield>
    <datafield tag="300" ind1=" " ind2=" ">
      <subfield code="a">[8] f.; 168 p. ; 16 cm</subfield>
    </datafield>
    <datafield tag="500" ind1=" " ind2=" ">
      <subfield code="a">Legătura: coperți din carton legate în piele maronie. Însemnări: fila de titlu: convent. Cibiniensis 1746</subfield>
    </datafield>
    <datafield tag="650" ind1=" " ind2=" ">
      <subfield code="a">teologie</subfield>
    </datafield>
    <datafield tag="650" ind1=" " ind2=" ">
      <subfield code="a">carte străină veche</subfield>
    </datafield>
    <datafield tag="650" ind1=" " ind2=" ">
      <subfield code="a">teologie morală</subfield>
    </datafield>
    <datafield tag="995" ind1=" " ind2=" ">
      <subfield code="a">Colecţii Speciale - CS</subfield>
      <subfield code="D">0.01</subfield>
      <subfield code="e">CS1225</subfield>
      <subfield code="F">Sediul_Central_A</subfield>
      <subfield code="j">1668 SIII</subfield>
      <subfield code="U">Available</subfield>
      <subfield code="W">Feb 27, 2020</subfield>
      <subfield code="y">CS1225</subfield>
      <subfield code="Z">Împrumut la Sala</subfield>
    </datafield>
  </record>