
  <record>
    <leader>00000nam a2200000 a 4500</leader>
    <controlfield tag="008">200227s1788####|||||||||||||||||#||####u</controlfield>
    <datafield tag="050" ind1=" " ind2=" ">
      <subfield code="a">616-036.1; 094.1(436)</subfield>
    </datafield>
    <datafield tag="100" ind1=" " ind2=" ">
      <subfield code="a">Stoll, Maximilian</subfield>
    </datafield>
    <datafield tag="245" ind1="1" ind2="0">
      <subfield code="a">Maximiliani Stoll medicinae clinicae P. P. O. in Universitate Vindobonensi, Praelectiones in Diversos Morbos Chronicos. Post ejus obitum editit et praefatus est Josephus Eyerel</subfield>
      <subfield code="c">Maximiliani Stoll ; editor Josephus Eyerel</subfield>
      <subfield code="h">[Carte tipărită]</subfield>
    </datafield>
    <datafield tag="260" ind1=" " ind2=" ">
      <subfield code="a">Vindobonae (Viena)</subfield>
      <subfield code="b">Typis Christiani Friderici Wappler</subfield>
      <subfield code="c">1788-</subfield>
    </datafield>
    <datafield tag="300" ind1=" " ind2=" ">
      <subfield code="a">vol.</subfield>
    </datafield>
    <datafield tag="650" ind1=" " ind2=" ">
      <subfield code="a">afecţiuni cronice</subfield>
    </datafield>
    <datafield tag="650" ind1=" " ind2=" ">
      <subfield code="a">boli cronice</subfield>
    </datafield>
    <datafield tag="650" ind1=" " ind2=" ">
      <subfield code="a">carte străină veche</subfield>
    </datafield>
    <datafield tag="650" ind1=" " ind2=" ">
      <subfield code="a">medicină</subfield>
    </datafield>
  </record>