
  <record>
    <leader>00000nam a2200000 a 4500</leader>
    <controlfield tag="008">200227s1697####|||||||||||||||||#||####u</controlfield>
    <datafield tag="050" ind1=" " ind2=" ">
      <subfield code="a">094.1(430); 348.5</subfield>
    </datafield>
    <datafield tag="100" ind1=" " ind2=" ">
      <subfield code="a"> Chlingensperger, Christophoro</subfield>
    </datafield>
    <datafield tag="245" ind1="1" ind2="0">
      <subfield code="a">Judicium Jurisprudentiae Civilis Super Quaestione illa, An ad hoc, Ut quis homicida proditorius dicatur, &amp; Immunitate Ecclesiastica privetur, requiratur Qualitas Amicitiae. Quod Deo ter Optimo Maximo Auspice, et Assensu Inclyte Facultatis Juridicae, Praeside Christophoro Chlingensperger. Doctore, Professore Ordinario, &amp; Consiliario Electorali. Disputationi publicae proposuit Franciscus Xaver. Josephus...</subfield>
      <subfield code="c">Christophoro Chlingensperger</subfield>
      <subfield code="h">[Carte tipărită]</subfield>
    </datafield>
    <datafield tag="260" ind1=" " ind2=" ">
      <subfield code="a">Ingolstadii</subfield>
      <subfield code="b">Typis Thomae Grass, Typogr. Acad.</subfield>
      <subfield code="c">1697</subfield>
    </datafield>
    <datafield tag="300" ind1=" " ind2=" ">
      <subfield code="a">[4] f.; 30 p.; [5] f. ; 19 cm</subfield>
    </datafield>
    <datafield tag="500" ind1=" " ind2=" ">
      <subfield code="a">Legătura: lipsesc coperțile, se află în folie de protecție.</subfield>
    </datafield>
    <datafield tag="650" ind1=" " ind2=" ">
      <subfield code="a">drept</subfield>
    </datafield>
    <datafield tag="650" ind1=" " ind2=" ">
      <subfield code="a">carte străină veche</subfield>
    </datafield>
    <datafield tag="650" ind1=" " ind2=" ">
      <subfield code="a">drept canonic</subfield>
    </datafield>
    <datafield tag="650" ind1=" " ind2=" ">
      <subfield code="a">drept civil</subfield>
    </datafield>
    <datafield tag="650" ind1=" " ind2=" ">
      <subfield code="a">disciplină ecleziastică</subfield>
    </datafield>
    <datafield tag="995" ind1=" " ind2=" ">
      <subfield code="a">Colecţii Speciale - CS</subfield>
      <subfield code="D">0.01</subfield>
      <subfield code="e">CS0161</subfield>
      <subfield code="F">Sediul_Central_A</subfield>
      <subfield code="j">1023 SII</subfield>
      <subfield code="U">Available</subfield>
      <subfield code="W">Feb 27, 2020</subfield>
      <subfield code="y">CS0161</subfield>
      <subfield code="Z">Împrumut la Sala</subfield>
    </datafield>
  </record>