
  <record>
    <leader>00000nam a2200000 a 4500</leader>
    <controlfield tag="008">200227s1635####|||||||||||||||||#||####u</controlfield>
    <datafield tag="050" ind1=" " ind2=" ">
      <subfield code="a">094.1(430); 22.07</subfield>
    </datafield>
    <datafield tag="100" ind1=" " ind2=" ">
      <subfield code="a">Reimero, M. Matthaeo</subfield>
    </datafield>
    <datafield tag="245" ind1="1" ind2="0">
      <subfield code="a">Xin Teo In Posteriorem Partem Capitis II. Epistolae D. Pauli ad Titum Disputatio prima Theologica &amp; Philologica Agalusn cam Axigesu Textus exhibens, In Inclyta Academia regiomontana, Sub Auspicio SS. Trinitas, Loco ordinariae publice proposita, praeside M. Matthaeo Reimero, Graec. Lit. P. P. &amp; Facult: Phil: p. t. Decano, Respondente Daniele Klein Tilsa-Prusso, Alumno Electorali, in Acroaterio Magno, Ad diem 6. Julii, horis matutinis</subfield>
      <subfield code="c">M. Matthaeo Reimero</subfield>
      <subfield code="h">[Carte tipărită]</subfield>
    </datafield>
    <datafield tag="260" ind1=" " ind2=" ">
      <subfield code="a">Regiomonti</subfield>
      <subfield code="b">Ex scripta typis Laurentij Segebadij</subfield>
      <subfield code="c">1635</subfield>
    </datafield>
    <datafield tag="300" ind1=" " ind2=" ">
      <subfield code="a">[12] f. ; 19 cm</subfield>
    </datafield>
    <datafield tag="500" ind1=" " ind2=" ">
      <subfield code="a">Legătura: coperți din lemn legate în piele.</subfield>
    </datafield>
    <datafield tag="650" ind1=" " ind2=" ">
      <subfield code="a">exegeză biblică</subfield>
    </datafield>
    <datafield tag="650" ind1=" " ind2=" ">
      <subfield code="a">carte străină veche</subfield>
    </datafield>
    <datafield tag="650" ind1=" " ind2=" ">
      <subfield code="a">teologie</subfield>
    </datafield>
    <datafield tag="856" ind1=" " ind2=" ">
      <subfield code="u">http://www.dspace.bjastrasibiu.ro/bitstream/123456789/10393/1/BJA_CS_000189_CSV_0001-0024.pdf</subfield>
    </datafield>
    <datafield tag="995" ind1=" " ind2=" ">
      <subfield code="a">Colecţii Speciale - CS</subfield>
      <subfield code="D">0.01</subfield>
      <subfield code="e">CS0189</subfield>
      <subfield code="F">Sediul_Central_A</subfield>
      <subfield code="j">1051 SII</subfield>
      <subfield code="U">Available</subfield>
      <subfield code="W">Feb 27, 2020</subfield>
      <subfield code="y">CS0189</subfield>
      <subfield code="Z">Împrumut la Sala</subfield>
    </datafield>
  </record>