
  <record>
    <leader>00000nam a2200000 a 4500</leader>
    <controlfield tag="008">200227s1636####|||||||||||||||||#||####u</controlfield>
    <datafield tag="050" ind1=" " ind2=" ">
      <subfield code="a">094.1(430); 241.411</subfield>
    </datafield>
    <datafield tag="100" ind1=" " ind2=" ">
      <subfield code="a">Myslentae, Coelestini</subfield>
    </datafield>
    <datafield tag="245" ind1="1" ind2="0">
      <subfield code="a">Disputatio Theologica continens Decadem illustriorum theorematum de Pecato, quam Docente ac ducente Deo, Sub Praesido Reverendi, Clarissimi &amp; excellentissimi Viri Dn: Coelestini Myslntae, S.S. Th: Doct: ejusdemq; prof: Publ: Ordinar: Cathedral: Eccles: Past: Consist: Samb: Asses: dignissimi, Praeceptoris ac Promotris fui ut plurimum colecndi, publice examinandam proponit Johannes Hellenius Oldenb: Frisius Ad diem 11. Januarij, horus matutinu in Auditorio majori</subfield>
      <subfield code="c">Coelestini Myslentae</subfield>
      <subfield code="h">[Carte tipărită]</subfield>
    </datafield>
    <datafield tag="260" ind1=" " ind2=" ">
      <subfield code="a">Regiomonti</subfield>
      <subfield code="b">Typis Laurentii Segebadii</subfield>
      <subfield code="c">1636</subfield>
    </datafield>
    <datafield tag="300" ind1=" " ind2=" ">
      <subfield code="a">[10] f. ; 19 cm</subfield>
    </datafield>
    <datafield tag="500" ind1=" " ind2=" ">
      <subfield code="a">Legătura: coperți din lemn legate în piele.</subfield>
    </datafield>
    <datafield tag="650" ind1=" " ind2=" ">
      <subfield code="a">natura păcatului</subfield>
    </datafield>
    <datafield tag="650" ind1=" " ind2=" ">
      <subfield code="a">carte străină veche</subfield>
    </datafield>
    <datafield tag="650" ind1=" " ind2=" ">
      <subfield code="a">teologie</subfield>
    </datafield>
    <datafield tag="650" ind1=" " ind2=" ">
      <subfield code="a">păcate</subfield>
    </datafield>
    <datafield tag="856" ind1=" " ind2=" ">
      <subfield code="u">http://www.dspace.bjastrasibiu.ro/bitstream/123456789/10392/1/BJA_CS_000188_CSV_0001-0020.pdf</subfield>
    </datafield>
    <datafield tag="995" ind1=" " ind2=" ">
      <subfield code="a">Colecţii Speciale - CS</subfield>
      <subfield code="D">0.01</subfield>
      <subfield code="e">CS0188</subfield>
      <subfield code="F">Sediul_Central_A</subfield>
      <subfield code="j">1049 SII</subfield>
      <subfield code="U">Available</subfield>
      <subfield code="W">Feb 27, 2020</subfield>
      <subfield code="y">CS0188</subfield>
      <subfield code="Z">Împrumut la Sala</subfield>
    </datafield>
  </record>