
  <record>
    <leader>00000nam a2200000 a 4500</leader>
    <controlfield tag="008">200227s1637####|||||||||||||||||#||####u</controlfield>
    <datafield tag="050" ind1=" " ind2=" ">
      <subfield code="a">094.1(430); 22.07</subfield>
    </datafield>
    <datafield tag="100" ind1=" " ind2=" ">
      <subfield code="a">Myslentae, Coelestini</subfield>
    </datafield>
    <datafield tag="245" ind1="1" ind2="0">
      <subfield code="a">Decas Problematum illustrium Theologicorum, quam in Nomine et Numine SS Triados sub Praesidio viri Plurimum Reverendi, Nobilissimi, Excelentissimi, Dni Coelestini Myslentae, SS. Theologiae D. ejusdemq in Electorali Basilorea Academ: Professoris celeberr. Eccl: Cathed. Cneiphovij Pastoris Dignissimi, Consist: samb: Asses: gravissimi, p. t. Facult: Theol: Decani spectabilis, &amp; Praecept: honorandi. Publice disquisitioni submittit. Samuel Durnerus Cibin: Ung: Ad diem Sept...</subfield>
      <subfield code="c">Coelestini Myslentae</subfield>
      <subfield code="h">[Carte tipărită]</subfield>
    </datafield>
    <datafield tag="260" ind1=" " ind2=" ">
      <subfield code="a">Regiomonti</subfield>
      <subfield code="b">Typis Laurenti Segebadi</subfield>
      <subfield code="c">1637</subfield>
    </datafield>
    <datafield tag="300" ind1=" " ind2=" ">
      <subfield code="a">[12] f. ; 19 cm</subfield>
    </datafield>
    <datafield tag="500" ind1=" " ind2=" ">
      <subfield code="a">Legătura: coperți din lemn legate în piele.</subfield>
    </datafield>
    <datafield tag="650" ind1=" " ind2=" ">
      <subfield code="a">carte străină veche</subfield>
    </datafield>
    <datafield tag="650" ind1=" " ind2=" ">
      <subfield code="a">teologie</subfield>
    </datafield>
    <datafield tag="650" ind1=" " ind2=" ">
      <subfield code="a">exegeză biblică</subfield>
    </datafield>
    <datafield tag="856" ind1=" " ind2=" ">
      <subfield code="u">http://www.dspace.bjastrasibiu.ro/bitstream/123456789/10391/1/BJA_CS_000187_CSV_0001-0132.pdf</subfield>
    </datafield>
    <datafield tag="995" ind1=" " ind2=" ">
      <subfield code="a">Colecţii Speciale - CS</subfield>
      <subfield code="D">0.01</subfield>
      <subfield code="e">CS0187</subfield>
      <subfield code="F">Sediul_Central_A</subfield>
      <subfield code="j">1048 SII</subfield>
      <subfield code="U">Available</subfield>
      <subfield code="W">Feb 27, 2020</subfield>
      <subfield code="y">CS0187</subfield>
      <subfield code="Z">Împrumut la Sala</subfield>
    </datafield>
  </record>