
  <record>
    <leader>00000nam a2200000 a 4500</leader>
    <controlfield tag="008">200227s1634####|||||||||||||||||#||####u</controlfield>
    <datafield tag="050" ind1=" " ind2=" ">
      <subfield code="a">094.1(430); 265.31/34; 231.01</subfield>
    </datafield>
    <datafield tag="245" ind1="0" ind2="0">
      <subfield code="a">Solemnibus Pentecostes Programma In debitum Honorem Spiritus Sancti, Tertiae Deitatis Personae, a Patre et Filio Aeternum procedentis, hospitis animarum nostrarum desideratissimi, Pro more in Academia Regiomontana recepte publice propositum...</subfield>
      <subfield code="h">[Carte tipărită]</subfield>
    </datafield>
    <datafield tag="260" ind1=" " ind2=" ">
      <subfield code="a">Regiomonti</subfield>
      <subfield code="b">Typis Laurentij Segebadij</subfield>
      <subfield code="c">1634</subfield>
    </datafield>
    <datafield tag="300" ind1=" " ind2=" ">
      <subfield code="a">[8] f. ; 19 cm</subfield>
    </datafield>
    <datafield tag="500" ind1=" " ind2=" ">
      <subfield code="a">Legătura: coperți din lemn legate în piele.</subfield>
    </datafield>
    <datafield tag="650" ind1=" " ind2=" ">
      <subfield code="a">carte străină veche</subfield>
    </datafield>
    <datafield tag="650" ind1=" " ind2=" ">
      <subfield code="a">Sfânta Treime</subfield>
    </datafield>
    <datafield tag="650" ind1=" " ind2=" ">
      <subfield code="a">teologie</subfield>
    </datafield>
    <datafield tag="650" ind1=" " ind2=" ">
      <subfield code="a">doctrina catolică</subfield>
    </datafield>
    <datafield tag="856" ind1=" " ind2=" ">
      <subfield code="u">http://www.dspace.bjastrasibiu.ro/bitstream/123456789/10388/1/BJA_CS_000184_CSV_0001-0015.pdf</subfield>
    </datafield>
    <datafield tag="995" ind1=" " ind2=" ">
      <subfield code="a">Colecţii Speciale - CS</subfield>
      <subfield code="D">0.01</subfield>
      <subfield code="e">CS0184</subfield>
      <subfield code="F">Sediul_Central_A</subfield>
      <subfield code="j">1045 SII</subfield>
      <subfield code="U">Available</subfield>
      <subfield code="W">Feb 27, 2020</subfield>
      <subfield code="y">CS0184</subfield>
      <subfield code="Z">Împrumut la Sala</subfield>
    </datafield>
  </record>