
  <record>
    <leader>00000nam a2200000 a 4500</leader>
    <controlfield tag="008">200226s1662####|||||||||||||||||#||####u</controlfield>
    <datafield tag="050" ind1=" " ind2=" ">
      <subfield code="a">929 Colnago, Bernard; 271.5; 094.1(430)</subfield>
    </datafield>
    <datafield tag="100" ind1=" " ind2=" ">
      <subfield code="a">Paullinus, Johannes</subfield>
    </datafield>
    <datafield tag="245" ind1="1" ind2="0">
      <subfield code="a">De Vita et Virtutibus R. P. Bernardi Colgani e Societate Jesu. Libri Duo</subfield>
      <subfield code="c">Joanne Paullino ejusdem Societatis conscripti ; Sumptibus Joannis Wagneri Bibliopolae Monacensis</subfield>
      <subfield code="h">[Carte tipărită]</subfield>
    </datafield>
    <datafield tag="260" ind1=" " ind2=" ">
      <subfield code="a">[Monachium] (München)</subfield>
      <subfield code="b">Typis Lucae Straubii</subfield>
      <subfield code="c">1662</subfield>
    </datafield>
    <datafield tag="300" ind1=" " ind2=" ">
      <subfield code="a">[16] p., 407 p. ; 16 cm</subfield>
    </datafield>
    <datafield tag="500" ind1=" " ind2=" ">
      <subfield code="a">Legătura: coperți de carton învelite în piele. Însemnări: pe pagina de gardă textul: „ Residentia Coronensi 1743; pe recto-ul paginii de titlu - textul: „Resid. Coronensis Fratrum Minorum Strictioris Observantiae 1743”. Observații: pe verso-ul paginii de titlu și pe ultima pagină - ștampilă ovală cu textul: „Biblioteca Astra Sibiu”.</subfield>
    </datafield>
    <datafield tag="650" ind1=" " ind2=" ">
      <subfield code="a">iezuiţi</subfield>
    </datafield>
    <datafield tag="650" ind1=" " ind2=" ">
      <subfield code="a">biografii</subfield>
    </datafield>
    <datafield tag="650" ind1=" " ind2=" ">
      <subfield code="a">carte străină veche</subfield>
    </datafield>
    <datafield tag="995" ind1=" " ind2=" ">
      <subfield code="a">Colecţii Speciale - CS</subfield>
      <subfield code="D">0.01</subfield>
      <subfield code="e">CS0434</subfield>
      <subfield code="F">Sediul_Central_A</subfield>
      <subfield code="j">1313 SIII</subfield>
      <subfield code="U">Available</subfield>
      <subfield code="W">Feb 27, 2020</subfield>
      <subfield code="y">CS0434</subfield>
      <subfield code="Z">Împrumut la Sala</subfield>
    </datafield>
  </record>