
  <record>
    <leader>00000nam a2200000 a 4500</leader>
    <controlfield tag="008">200226s1635####|||||||||||||||||#||####u</controlfield>
    <datafield tag="050" ind1=" " ind2=" ">
      <subfield code="a">094.1(430); 232.1</subfield>
    </datafield>
    <datafield tag="245" ind1="0" ind2="0">
      <subfield code="a">Programma solemnibus paschatos in hororem gloriosi Perruptoris nostri ex mortuis redivivi sacrum: in quo actus gloriosae perruptionis a Christo praeftiti, pie expendendi proponuntur a Rectore et Senatu Academiae Regiomontanae. Anno Dominico M DC XXXV.</subfield>
      <subfield code="h">[Carte tipărită]</subfield>
    </datafield>
    <datafield tag="260" ind1=" " ind2=" ">
      <subfield code="a">Regiomonti</subfield>
      <subfield code="b">Typis Laurentij Segebandij</subfield>
      <subfield code="c">1635</subfield>
    </datafield>
    <datafield tag="300" ind1=" " ind2=" ">
      <subfield code="a">[6] f. ; 19 cm</subfield>
    </datafield>
    <datafield tag="500" ind1=" " ind2=" ">
      <subfield code="a">Legătura: coperți din lemn legate în piele.</subfield>
    </datafield>
    <datafield tag="650" ind1=" " ind2=" ">
      <subfield code="a">cristologie</subfield>
    </datafield>
    <datafield tag="650" ind1=" " ind2=" ">
      <subfield code="a">teologie</subfield>
    </datafield>
    <datafield tag="650" ind1=" " ind2=" ">
      <subfield code="a">carte străină veche</subfield>
    </datafield>
    <datafield tag="856" ind1=" " ind2=" ">
      <subfield code="u">http://www.dspace.bjastrasibiu.ro/bitstream/123456789/10384/1/BJA_CS_000180_CSV_0001-0012.pdf</subfield>
    </datafield>
    <datafield tag="995" ind1=" " ind2=" ">
      <subfield code="a">Colecţii Speciale - CS</subfield>
      <subfield code="D">0.01</subfield>
      <subfield code="e">CS0180</subfield>
      <subfield code="F">Sediul_Central_A</subfield>
      <subfield code="j">1040 SII</subfield>
      <subfield code="U">Available</subfield>
      <subfield code="W">Feb 26, 2020</subfield>
      <subfield code="y">CS0180</subfield>
      <subfield code="Z">Împrumut la Sala</subfield>
    </datafield>
  </record>