
  <record>
    <leader>00000nam a2200000 a 4500</leader>
    <controlfield tag="008">200226s1660####|||||||||||||||||#||####u</controlfield>
    <datafield tag="050" ind1=" " ind2=" ">
      <subfield code="a">929 Colnago, Bernard; 094.1(430)</subfield>
    </datafield>
    <datafield tag="100" ind1=" " ind2=" ">
      <subfield code="a">Paullinus, Johannes</subfield>
    </datafield>
    <datafield tag="245" ind1="1" ind2="0">
      <subfield code="a">De Vita et Virtutibus R. P. Bernardi Colgani e Societate Jesu</subfield>
      <subfield code="c">Joanne Paullino ejusdem Societatis conscripti</subfield>
      <subfield code="h">[Carte tipărită]</subfield>
    </datafield>
    <datafield tag="260" ind1=" " ind2=" ">
      <subfield code="a">[Monachium] (München)</subfield>
      <subfield code="b">Typis Lucae Straubii</subfield>
      <subfield code="c">166-</subfield>
    </datafield>
    <datafield tag="300" ind1=" " ind2=" ">
      <subfield code="a">vol.</subfield>
    </datafield>
    <datafield tag="650" ind1=" " ind2=" ">
      <subfield code="a">biografii</subfield>
    </datafield>
    <datafield tag="650" ind1=" " ind2=" ">
      <subfield code="a">carte străină veche</subfield>
    </datafield>
    <datafield tag="650" ind1=" " ind2=" ">
      <subfield code="a">iezuiţi</subfield>
    </datafield>
  </record>