
  <record>
    <leader>00000nam a2200000 a 4500</leader>
    <controlfield tag="008">200226s1780####|||||||||||||||||#||####u</controlfield>
    <datafield tag="050" ind1=" " ind2=" ">
      <subfield code="a">821.124'02-2; 094.1(430)</subfield>
    </datafield>
    <datafield tag="100" ind1=" " ind2=" ">
      <subfield code="a">Terentius Afer, Publius</subfield>
    </datafield>
    <datafield tag="245" ind1="1" ind2="0">
      <subfield code="a">Publii Terentii Afri Comoediae Sex Novissime Recognitae Cum Selecta Varietate Lectionum Et Perpetua Annotatione. Accedit Index Latinitatis Cum Interpretatione Studiis Societatis Bipontinae. Tomus Secundus</subfield>
      <subfield code="c">Publius Terentius Afer</subfield>
      <subfield code="h">[Carte tipărită]</subfield>
    </datafield>
    <datafield tag="260" ind1=" " ind2=" ">
      <subfield code="a">Biponti (Zweibrücken)</subfield>
      <subfield code="b">Ex Typographia Ducali</subfield>
      <subfield code="c">1780</subfield>
    </datafield>
    <datafield tag="300" ind1=" " ind2=" ">
      <subfield code="a">XIV p., 431 p. : il. ; 19 cm</subfield>
    </datafield>
    <datafield tag="500" ind1=" " ind2=" ">
      <subfield code="a">Volumul cuprinde comediile: „Adelphi” (Frații), „Phormio” (Formio) și ”Hecyra” (Soacra). Legătura: coperți de carton recent marmorat, cu cotor învelit în piele; pe cotor se păstrează numele autorului și titlul cărții: „Terentius. Tom II”. Observații: Pe pagina de gardă - ștampilă dreptunghiulară cu textul: „Biblioteca Astrei (Asociațiunea pentru  lit. rom. și cultura poporului român). Centrala Sibiu”; pe verso-ul paginii de titlu și pe ultima pagină - ștampilă ovală cu textul: „Biblioteca Astra Sibiu”; la p. 220, 221 și 285 - ștampilă ovală cu textul: „Biblioteca Centrală a Asociațiunii Sibiu”; pe pagina de gardă semnătură indescifrabilă; pe pagina de titlu - vinietă cu textul „Scipio”. </subfield>
    </datafield>
    <datafield tag="650" ind1=" " ind2=" ">
      <subfield code="a">comedii</subfield>
    </datafield>
    <datafield tag="650" ind1=" " ind2=" ">
      <subfield code="a">carte străină veche</subfield>
    </datafield>
    <datafield tag="650" ind1=" " ind2=" ">
      <subfield code="a">literatură</subfield>
    </datafield>
    <datafield tag="650" ind1=" " ind2=" ">
      <subfield code="a">literatură latină</subfield>
    </datafield>
    <datafield tag="650" ind1=" " ind2=" ">
      <subfield code="a">literatura latină clasică</subfield>
    </datafield>
    <datafield tag="650" ind1=" " ind2=" ">
      <subfield code="a">piese de teatru</subfield>
    </datafield>
    <datafield tag="995" ind1=" " ind2=" ">
      <subfield code="a">Colecţii Speciale - CS</subfield>
      <subfield code="D">0.01</subfield>
      <subfield code="e">CS4087</subfield>
      <subfield code="F">Sediul_Central_A</subfield>
      <subfield code="j">2388 SV</subfield>
      <subfield code="U">Available</subfield>
      <subfield code="W">Feb 26, 2020</subfield>
      <subfield code="y">CS4087</subfield>
      <subfield code="Z">Împrumut la Sala</subfield>
    </datafield>
  </record>