
  <record>
    <leader>00000nam a2200000 a 4500</leader>
    <controlfield tag="008">200226s1631####|||||||||||||||||#||####u</controlfield>
    <datafield tag="050" ind1=" " ind2=" ">
      <subfield code="a">094.1(430); 232.11</subfield>
    </datafield>
    <datafield tag="245" ind1="0" ind2="0">
      <subfield code="a">Deo-Homini Sacrum in Maxime Soleni Festivitate Tis ensarcoseoe toi logoi, quam tota Jesu Christi Ecclesia His ipsis Diebus, Christiano, cum gaudio debitaq; devotione peragic... Propositur a Rectore &amp; Senatu Academiae Regiomontanae Anno Dominico 1731 ineunte Dominus custodiat exitum &amp; incroitum nostrum ex hoc nunc &amp;...</subfield>
      <subfield code="h">[Carte tipărită]</subfield>
    </datafield>
    <datafield tag="260" ind1=" " ind2=" ">
      <subfield code="a">Regiomonti</subfield>
      <subfield code="b">Typis Laurentii Segebadii</subfield>
      <subfield code="c">1631</subfield>
    </datafield>
    <datafield tag="300" ind1=" " ind2=" ">
      <subfield code="a">[8] f. ; 19 cm</subfield>
    </datafield>
    <datafield tag="500" ind1=" " ind2=" ">
      <subfield code="a">Legătura: coperți din lemn legate în piele.</subfield>
    </datafield>
    <datafield tag="650" ind1=" " ind2=" ">
      <subfield code="a">cristologie</subfield>
    </datafield>
    <datafield tag="650" ind1=" " ind2=" ">
      <subfield code="a">teologie catolică</subfield>
    </datafield>
    <datafield tag="650" ind1=" " ind2=" ">
      <subfield code="a">teologie</subfield>
    </datafield>
    <datafield tag="650" ind1=" " ind2=" ">
      <subfield code="a">carte străină veche</subfield>
    </datafield>
    <datafield tag="856" ind1=" " ind2=" ">
      <subfield code="u">http://www.dspace.bjastrasibiu.ro/bitstream/123456789/10314/1/BJA_CS_000176_CSV_0001-0016.pdf</subfield>
    </datafield>
    <datafield tag="995" ind1=" " ind2=" ">
      <subfield code="a">Colecţii Speciale - CS</subfield>
      <subfield code="D">0.01</subfield>
      <subfield code="e">CS0176</subfield>
      <subfield code="F">Sediul_Central_A</subfield>
      <subfield code="j">1036 SII</subfield>
      <subfield code="U">Available</subfield>
      <subfield code="W">Feb 26, 2020</subfield>
      <subfield code="y">CS0176</subfield>
      <subfield code="Z">Împrumut la Sala</subfield>
    </datafield>
  </record>