
  <record>
    <leader>00000nam a2200000 a 4500</leader>
    <controlfield tag="008">200226s1626####|||||||||||||||||#||####u</controlfield>
    <datafield tag="050" ind1=" " ind2=" ">
      <subfield code="a">094.1(430); 164.034</subfield>
    </datafield>
    <datafield tag="100" ind1=" " ind2=" ">
      <subfield code="a">Woldero, M. Martino</subfield>
    </datafield>
    <datafield tag="245" ind1="1" ind2="0">
      <subfield code="a">Disputatio Logica quaestioni huic An Omne Abstractum, sive Synonymum Logicum Substantivum, et omne concretum, sive paronymum adjectivum? Ea, quae de ordine tractandorum, tractandisq, in primo logices libro, ipsis observanda, brevitate, qua fieri potest praemittens, D. O. M. A. Consensu Ampliss: Facult: Phil: in incluta bregelana praeside M. Martino Woldero...</subfield>
      <subfield code="c">M. Martino Woldero</subfield>
      <subfield code="h">[Carte tipărită]</subfield>
    </datafield>
    <datafield tag="260" ind1=" " ind2=" ">
      <subfield code="a">Regiomonti</subfield>
      <subfield code="b">Typis Laurentii Segebadii</subfield>
      <subfield code="c">1626</subfield>
    </datafield>
    <datafield tag="300" ind1=" " ind2=" ">
      <subfield code="a">[12] f. ; 19 cm</subfield>
    </datafield>
    <datafield tag="500" ind1=" " ind2=" ">
      <subfield code="a">Legătura: coperți din lemn legate în piele.</subfield>
    </datafield>
    <datafield tag="650" ind1=" " ind2=" ">
      <subfield code="a">Logica</subfield>
    </datafield>
    <datafield tag="650" ind1=" " ind2=" ">
      <subfield code="a">logică simbolică</subfield>
    </datafield>
    <datafield tag="650" ind1=" " ind2=" ">
      <subfield code="a">carte străină veche</subfield>
    </datafield>
    <datafield tag="856" ind1=" " ind2=" ">
      <subfield code="u">http://www.dspace.bjastrasibiu.ro/bitstream/123456789/10313/1/BJA_CS_000175_CSV_0001-0024.pdf</subfield>
    </datafield>
    <datafield tag="995" ind1=" " ind2=" ">
      <subfield code="a">Colecţii Speciale - CS</subfield>
      <subfield code="D">0.01</subfield>
      <subfield code="e">CS0175</subfield>
      <subfield code="F">Sediul_Central_A</subfield>
      <subfield code="j">1035 SII</subfield>
      <subfield code="U">Available</subfield>
      <subfield code="W">Feb 26, 2020</subfield>
      <subfield code="y">CS0175</subfield>
      <subfield code="Z">Împrumut la Sala</subfield>
    </datafield>
  </record>