
  <record>
    <leader>00000nam a2200000 a 4500</leader>
    <controlfield tag="008">200226s9999####|||||||||||||||||#||####u</controlfield>
    <datafield tag="050" ind1=" " ind2=" ">
      <subfield code="a">821.124'02-2; 094.1(430)</subfield>
    </datafield>
    <datafield tag="100" ind1=" " ind2=" ">
      <subfield code="a">Terentius Afer, Publius</subfield>
    </datafield>
    <datafield tag="245" ind1="1" ind2="0">
      <subfield code="a">Publii Terentii Afri Comoediae Sex Novissime Recognitae Cum Selecta Varietate Lectionum Et Perpetua Annotatione. Accedit Index Latinitatis Cum Interpretatione Studiis Societatis Bipontinae</subfield>
      <subfield code="c">Publius Terentius Afer</subfield>
      <subfield code="h">[Carte tipărită]</subfield>
    </datafield>
    <datafield tag="260" ind1=" " ind2=" ">
      <subfield code="a">Biponti (Zweibrücken)</subfield>
      <subfield code="b">Ex Typographia Ducali</subfield>
      <subfield code="c"/>
    </datafield>
    <datafield tag="300" ind1=" " ind2=" ">
      <subfield code="a">vol.</subfield>
    </datafield>
    <datafield tag="650" ind1=" " ind2=" ">
      <subfield code="a">literatura latină clasică</subfield>
    </datafield>
    <datafield tag="650" ind1=" " ind2=" ">
      <subfield code="a">piese de teatru</subfield>
    </datafield>
    <datafield tag="650" ind1=" " ind2=" ">
      <subfield code="a">literatură</subfield>
    </datafield>
    <datafield tag="650" ind1=" " ind2=" ">
      <subfield code="a">literatură latină</subfield>
    </datafield>
    <datafield tag="650" ind1=" " ind2=" ">
      <subfield code="a">comedii</subfield>
    </datafield>
    <datafield tag="650" ind1=" " ind2=" ">
      <subfield code="a">carte străină veche</subfield>
    </datafield>
  </record>