
  <record>
    <leader>00000nam a2200000 a 4500</leader>
    <controlfield tag="008">200226s1626####|||||||||||||||||#||####u</controlfield>
    <datafield tag="050" ind1=" " ind2=" ">
      <subfield code="a">094.1(430); 231.01</subfield>
    </datafield>
    <datafield tag="100" ind1=" " ind2=" ">
      <subfield code="a">Pouchenio, M. Levino</subfield>
    </datafield>
    <datafield tag="245" ind1="1" ind2="0">
      <subfield code="a">De Persona Exercitatio sub Auspicio Sacro-Sancte Trinitatis, in electorali Borussorum Academia, ex decreto Amplissimi Senatus Academicis pro loco inter professores ordinario publice proposita a M. Levino Pouchenio Reg. Borus. Metaphys. Profes. &amp; Eccles. aulico...</subfield>
      <subfield code="c">M. Levino Pouchenio</subfield>
      <subfield code="h">[Carte tipărită]</subfield>
    </datafield>
    <datafield tag="260" ind1=" " ind2=" ">
      <subfield code="a">Regiomonti</subfield>
      <subfield code="b">Excudit Laurentius Segebadius</subfield>
      <subfield code="c">1626</subfield>
    </datafield>
    <datafield tag="300" ind1=" " ind2=" ">
      <subfield code="a">[16] f. ; 19 cm</subfield>
    </datafield>
    <datafield tag="500" ind1=" " ind2=" ">
      <subfield code="a">Legătura: coperți din lemn legate în piele.</subfield>
    </datafield>
    <datafield tag="650" ind1=" " ind2=" ">
      <subfield code="a">Sfânta Treime</subfield>
    </datafield>
    <datafield tag="650" ind1=" " ind2=" ">
      <subfield code="a">teologie</subfield>
    </datafield>
    <datafield tag="650" ind1=" " ind2=" ">
      <subfield code="a">carte străină veche</subfield>
    </datafield>
    <datafield tag="856" ind1=" " ind2=" ">
      <subfield code="u">http://www.dspace.bjastrasibiu.ro/bitstream/123456789/10311/1/BJA_CS_000173_CSV_0001-0031.pdf</subfield>
    </datafield>
    <datafield tag="995" ind1=" " ind2=" ">
      <subfield code="a">Colecţii Speciale - CS</subfield>
      <subfield code="D">0.01</subfield>
      <subfield code="e">CS0173</subfield>
      <subfield code="F">Sediul_Central_A</subfield>
      <subfield code="j">1033 SII</subfield>
      <subfield code="U">Available</subfield>
      <subfield code="W">Feb 26, 2020</subfield>
      <subfield code="y">CS0173</subfield>
      <subfield code="Z">Împrumut la Sala</subfield>
    </datafield>
  </record>