
  <record>
    <leader>00000nam a2200000 a 4500</leader>
    <controlfield tag="008">200226s1691####|||||||||||||||||#||####u</controlfield>
    <datafield tag="050" ind1=" " ind2=" ">
      <subfield code="a">271.1:241.5; 234.24; 094.1(436)</subfield>
    </datafield>
    <datafield tag="100" ind1=" " ind2=" ">
      <subfield code="a">Finkeneis, Basilius</subfield>
    </datafield>
    <datafield tag="245" ind1="1" ind2="0">
      <subfield code="a">Instrumenta Virtutum seu Bonorum Operum. Continuatio sive Pars IV. Complectens Octo selectas Virtutes â S. P. Benedicto conscriptas, &amp; praescriptas in sacrae Regulae Capite IV. Quae in Religioso desiderari possunt, et amari ac suspici etiam in Seculari. Ab Instrumento LXVI. usq. in finem. Ex quibus Non solùm Religiosi omnes, omnes Ecclesiastici, ac Verbi Divini Praecones, aut animarum Directores, sed &amp; alij piè vivere volentes seculares &amp; Sodales, uberem utilitatem possint haurire</subfield>
      <subfield code="c">P. Basilio Finckeneis, Ordinis S. Benedicti, Liberi &amp; Exempti Monasterij ad S. Lambertum in Styria Professo</subfield>
      <subfield code="h">[Carte tipărită]</subfield>
    </datafield>
    <datafield tag="260" ind1=" " ind2=" ">
      <subfield code="a">Viennae, Austriae</subfield>
      <subfield code="b">Typis Joannis Jacobi Mann</subfield>
      <subfield code="c">1691</subfield>
    </datafield>
    <datafield tag="300" ind1=" " ind2=" ">
      <subfield code="a">[14] p., 240 p. ; 16 cm</subfield>
    </datafield>
    <datafield tag="500" ind1=" " ind2=" ">
      <subfield code="a">Legătura: coperți de carton pătate; pe cotor de păstreză numele autorului și titlul volumului: „Instrumenta Virtutum. P. FincKeneis. Pars 3tia &amp; 4ta. Observații: pe recto-ul paginii de titlu și pe ultima pagină, - ștampilă ovală cu textul: „Biblioteca Astra Sibiu”. Este colligat cu lucrarea „Instrumenta Virtutum seu Bonorum Operum. Continuatio sive Pars III” de același autor.</subfield>
    </datafield>
    <datafield tag="650" ind1=" " ind2=" ">
      <subfield code="a">viaţă religioasă</subfield>
    </datafield>
    <datafield tag="650" ind1=" " ind2=" ">
      <subfield code="a">benedictini</subfield>
    </datafield>
    <datafield tag="650" ind1=" " ind2=" ">
      <subfield code="a">virtuţi</subfield>
    </datafield>
    <datafield tag="650" ind1=" " ind2=" ">
      <subfield code="a">carte străină veche</subfield>
    </datafield>
    <datafield tag="650" ind1=" " ind2=" ">
      <subfield code="a">teologie</subfield>
    </datafield>
    <datafield tag="650" ind1=" " ind2=" ">
      <subfield code="a">teologie morală</subfield>
    </datafield>
    <datafield tag="650" ind1=" " ind2=" ">
      <subfield code="a">teologie ascetică</subfield>
    </datafield>
    <datafield tag="650" ind1=" " ind2=" ">
      <subfield code="a">ordine religioase</subfield>
    </datafield>
    <datafield tag="995" ind1=" " ind2=" ">
      <subfield code="a">Colecţii Speciale - CS</subfield>
      <subfield code="D">0.01</subfield>
      <subfield code="e">CS0340</subfield>
      <subfield code="F">Sediul_Central_A</subfield>
      <subfield code="j">1215 SII</subfield>
      <subfield code="U">Available</subfield>
      <subfield code="W">Feb 26, 2020</subfield>
      <subfield code="y">CS0340</subfield>
      <subfield code="Z">Împrumut la Sala</subfield>
    </datafield>
  </record>