
  <record>
    <leader>00000nam a2200000 a 4500</leader>
    <controlfield tag="008">200226s1635####|||||||||||||||||#||####u</controlfield>
    <datafield tag="050" ind1=" " ind2=" ">
      <subfield code="a">094.1(430); 265.31/34</subfield>
    </datafield>
    <datafield tag="100" ind1=" " ind2=" ">
      <subfield code="a">Pouchenius, M. Levin</subfield>
    </datafield>
    <datafield tag="245" ind1="1" ind2="0">
      <subfield code="a">Ductore &amp; Doctore Christo Trias errorum pontificiorum. De 1. Cramate Eucharistico. 2. Communione sub una. 3. Transsubstantiatione. Quos in disputationem publica proponit M. Levin Pouchenius S. S. Theolog: Profess: aulaeq: Boruss: Concionator Respondente M. Petro Rhebindero Lubecensi...</subfield>
      <subfield code="c">M. Levin Pouchenius</subfield>
      <subfield code="h">[Carte tipărită]</subfield>
    </datafield>
    <datafield tag="260" ind1=" " ind2=" ">
      <subfield code="a">Regiomonti</subfield>
      <subfield code="b">Typis Laurentij Segebandij</subfield>
      <subfield code="c">1635</subfield>
    </datafield>
    <datafield tag="300" ind1=" " ind2=" ">
      <subfield code="a">[14] f. ; 19 cm</subfield>
    </datafield>
    <datafield tag="500" ind1=" " ind2=" ">
      <subfield code="a">Legătura: coperți din lemn legate în piele.</subfield>
    </datafield>
    <datafield tag="650" ind1=" " ind2=" ">
      <subfield code="a">doctrina catolică</subfield>
    </datafield>
    <datafield tag="650" ind1=" " ind2=" ">
      <subfield code="a">sacramente</subfield>
    </datafield>
    <datafield tag="650" ind1=" " ind2=" ">
      <subfield code="a">teologie</subfield>
    </datafield>
    <datafield tag="650" ind1=" " ind2=" ">
      <subfield code="a">carte străină veche</subfield>
    </datafield>
    <datafield tag="856" ind1=" " ind2=" ">
      <subfield code="u">http://www.dspace.bjastrasibiu.ro/bitstream/123456789/10307/1/BJA_CS_000172_CSV_0001-0027.pdf</subfield>
    </datafield>
    <datafield tag="995" ind1=" " ind2=" ">
      <subfield code="a">Colecţii Speciale - CS</subfield>
      <subfield code="D">0.01</subfield>
      <subfield code="e">CS0172</subfield>
      <subfield code="F">Sediul_Central_A</subfield>
      <subfield code="j">1032 SII</subfield>
      <subfield code="U">Available</subfield>
      <subfield code="W">Feb 26, 2020</subfield>
      <subfield code="y">CS0172</subfield>
      <subfield code="Z">Împrumut la Sala</subfield>
    </datafield>
  </record>