
  <record>
    <leader>00000nam a2200000 a 4500</leader>
    <controlfield tag="008">200225s1627####|||||||||||||||||#||####u</controlfield>
    <datafield tag="050" ind1=" " ind2=" ">
      <subfield code="a">094.1(430); 234.272; 233.14</subfield>
    </datafield>
    <datafield tag="100" ind1=" " ind2=" ">
      <subfield code="a">Himmelio, Johanne</subfield>
    </datafield>
    <datafield tag="245" ind1="1" ind2="0">
      <subfield code="a">Disputatio VI. Anti-Photiniana De Peccato Adamitico et originali. Quam duce et auspice Christo praeside Johanne Himmelio SS. Theol. D. &amp; Prof. P. uebitur ad 15 August. Johannes Albinus Elbinga Prutenus</subfield>
      <subfield code="c">Johanne Himmelio</subfield>
      <subfield code="h">[Carte tipărită]</subfield>
    </datafield>
    <datafield tag="260" ind1=" " ind2=" ">
      <subfield code="a">Jenae</subfield>
      <subfield code="b">Typis Viduae Weidnerianae</subfield>
      <subfield code="c">1627</subfield>
    </datafield>
    <datafield tag="300" ind1=" " ind2=" ">
      <subfield code="a">p. 89-108 ; 19 cm</subfield>
    </datafield>
    <datafield tag="500" ind1=" " ind2=" ">
      <subfield code="a">Legătura: coperți din lemn legate în piele.</subfield>
    </datafield>
    <datafield tag="650" ind1=" " ind2=" ">
      <subfield code="a">păcate</subfield>
    </datafield>
    <datafield tag="650" ind1=" " ind2=" ">
      <subfield code="a">teologie polemică</subfield>
    </datafield>
    <datafield tag="650" ind1=" " ind2=" ">
      <subfield code="a">teologie</subfield>
    </datafield>
    <datafield tag="650" ind1=" " ind2=" ">
      <subfield code="a">carte străină veche</subfield>
    </datafield>
    <datafield tag="650" ind1=" " ind2=" ">
      <subfield code="a">păcatul originar</subfield>
    </datafield>
    <datafield tag="856" ind1=" " ind2=" ">
      <subfield code="u">http://www.dspace.bjastrasibiu.ro/bitstream/123456789/10304/1/BJA_CS_000169_CSV_0001-0019.pdf</subfield>
    </datafield>
    <datafield tag="995" ind1=" " ind2=" ">
      <subfield code="a">Colecţii Speciale - CS</subfield>
      <subfield code="D">0.01</subfield>
      <subfield code="e">CS0169</subfield>
      <subfield code="F">Sediul_Central_A</subfield>
      <subfield code="j">1030 SII</subfield>
      <subfield code="U">Available</subfield>
      <subfield code="W">Feb 25, 2020</subfield>
      <subfield code="y">CS0169</subfield>
      <subfield code="Z">Împrumut la Sala</subfield>
    </datafield>
  </record>