
  <record>
    <leader>00000nam a2200000 a 4500</leader>
    <controlfield tag="008">200225s1656####|||||||||||||||||#||####u</controlfield>
    <datafield tag="050" ind1=" " ind2=" ">
      <subfield code="a">542; 549; 094.1(492)</subfield>
    </datafield>
    <datafield tag="100" ind1=" " ind2=" ">
      <subfield code="a">Glauber, Johann Rudolf</subfield>
    </datafield>
    <datafield tag="245" ind1="1" ind2="0">
      <subfield code="a">Pharmacopoeae Spagyricae. Pars Secunda. De Vegetabilium, Animalium, &amp; Mineralium praeparatione, per Solvens Universale. In qua Clarè demonstratur; &amp; exacte describitur, quod Nitrum sit verum Solvens Universale, &amp; quomodo omnia Vegetabilia, Animalia &amp; Mineralia eodem solvantur, corrigantur, &amp; venenosa, ac noxia eorundem proprietas in salubria medicamenta contrà multorum ignorantium opinionem mutetur. Veritatem testandi, &amp; proximo inserviendi causa sincero animo in lucem edita</subfield>
      <subfield code="c">Johanne Rudolpho Glaubero</subfield>
      <subfield code="h">[Carte tipărită]</subfield>
    </datafield>
    <datafield tag="260" ind1=" " ind2=" ">
      <subfield code="a">Amstelodami [Amsterdam]</subfield>
      <subfield code="b">Apud Joannem Janssonium</subfield>
      <subfield code="c">1656</subfield>
    </datafield>
    <datafield tag="300" ind1=" " ind2=" ">
      <subfield code="a">128 p. ; 15 cm</subfield>
    </datafield>
    <datafield tag="500" ind1=" " ind2=" ">
      <subfield code="a">Legătura: coperți de carton, roase la colțuri Însemnări: pe pagina de titlu - însemnare indescifrabilă ; pe forzaț 2 - textul: „Morgan [..] M. Dr.; note marginale. Observații: pe verso-ul paginii de titlu și pe ultima pagină - ștampilă ovală cu textul: „Biblioteca Astra Sibiu”.</subfield>
    </datafield>
    <datafield tag="650" ind1=" " ind2=" ">
      <subfield code="a">mineralogie</subfield>
    </datafield>
    <datafield tag="650" ind1=" " ind2=" ">
      <subfield code="a">chimie experimentală</subfield>
    </datafield>
    <datafield tag="650" ind1=" " ind2=" ">
      <subfield code="a">chimie anorganică</subfield>
    </datafield>
    <datafield tag="650" ind1=" " ind2=" ">
      <subfield code="a">carte străină veche</subfield>
    </datafield>
    <datafield tag="650" ind1=" " ind2=" ">
      <subfield code="a">chimie</subfield>
    </datafield>
    <datafield tag="995" ind1=" " ind2=" ">
      <subfield code="a">Colecţii Speciale - CS</subfield>
      <subfield code="D">0.01</subfield>
      <subfield code="e">CS0336</subfield>
      <subfield code="F">Sediul_Central_A</subfield>
      <subfield code="j">1211 SII</subfield>
      <subfield code="U">Available</subfield>
      <subfield code="W">Feb 25, 2020</subfield>
      <subfield code="y">CS0336</subfield>
      <subfield code="Z">Împrumut la Sala</subfield>
    </datafield>
  </record>