
  <record>
    <leader>00000nam a2200000 a 4500</leader>
    <controlfield tag="008">200225s1630####|||||||||||||||||#||####u</controlfield>
    <datafield tag="050" ind1=" " ind2=" ">
      <subfield code="a">094.1(430); 239.9</subfield>
    </datafield>
    <datafield tag="100" ind1=" " ind2=" ">
      <subfield code="a">Behm, Johannes</subfield>
    </datafield>
    <datafield tag="245" ind1="1" ind2="0">
      <subfield code="a">Disputatio II. Collegii Theologici Publici De Servo Arbitrio B. Luheri contra Erasmianam diatriben, continens explicayionem tituli libelli Lutheri, cui nomen Servum Arbitrium, Argumentum item libri cum Oeconomia, &amp; Analysi prioris libri partis, Quam publico Scholasticae juventutis bono, in dei gloriam &amp; divinae veritatis assertionem ex debito erga B. Lutheri Manes amore. Academica disquisitioni subjicit Johannes behm, S.S. Th....</subfield>
      <subfield code="c">Johannes Behm</subfield>
      <subfield code="h">[Carte tipărită]</subfield>
    </datafield>
    <datafield tag="260" ind1=" " ind2=" ">
      <subfield code="a">Regiomonte</subfield>
      <subfield code="b">Excusa typis Laurentij Segebadij</subfield>
      <subfield code="c">1630</subfield>
    </datafield>
    <datafield tag="300" ind1=" " ind2=" ">
      <subfield code="a">p. 23-49; 19 cm</subfield>
    </datafield>
    <datafield tag="500" ind1=" " ind2=" ">
      <subfield code="a">Legătura: coperți din lemn legate în piele.</subfield>
    </datafield>
    <datafield tag="650" ind1=" " ind2=" ">
      <subfield code="a">carte străină veche</subfield>
    </datafield>
    <datafield tag="650" ind1=" " ind2=" ">
      <subfield code="a">teologie</subfield>
    </datafield>
    <datafield tag="650" ind1=" " ind2=" ">
      <subfield code="a">teologie polemică</subfield>
    </datafield>
    <datafield tag="856" ind1=" " ind2=" ">
      <subfield code="u">http://www.dspace.bjastrasibiu.ro/bitstream/123456789/10302/1/BJA_CS_000167_CSV_0001-0027.pdf</subfield>
    </datafield>
    <datafield tag="995" ind1=" " ind2=" ">
      <subfield code="a">Colecţii Speciale - CS</subfield>
      <subfield code="D">0.01</subfield>
      <subfield code="e">CS0167</subfield>
      <subfield code="F">Sediul_Central_A</subfield>
      <subfield code="j">1028 SII</subfield>
      <subfield code="U">Available</subfield>
      <subfield code="W">Feb 25, 2020</subfield>
      <subfield code="y">CS0167</subfield>
      <subfield code="Z">Împrumut la Sala</subfield>
    </datafield>
  </record>