
  <record>
    <leader>00000nam a2200000 a 4500</leader>
    <controlfield tag="008">200225s1624####|||||||||||||||||#||####u</controlfield>
    <datafield tag="050" ind1=" " ind2=" ">
      <subfield code="a">094.1(430); 233.14</subfield>
    </datafield>
    <datafield tag="100" ind1=" " ind2=" ">
      <subfield code="a">Gerhardi, Johannis</subfield>
    </datafield>
    <datafield tag="245" ind1="1" ind2="0">
      <subfield code="a">Apostasia Adami sive Disputatio de Peccato Protoplastorum primo e genuina sede Gen. 3. v. i. - 8 conscripta et D. O. M. A. Authoritate &amp; Consensu Venerandae &amp; Inclutae Facultatis Theologicae sub praesidio Admodum Reverendi, Excellentissimi Clarissimi Viri Dn. johannis Gerhardi S.S. Theol. doct. ac Professoris P....</subfield>
      <subfield code="c">Johannis Gerhardi</subfield>
      <subfield code="h">[Carte tipărită]</subfield>
    </datafield>
    <datafield tag="260" ind1=" " ind2=" ">
      <subfield code="a">Jenae</subfield>
      <subfield code="b">Typis Steinmannianis</subfield>
      <subfield code="c">1624</subfield>
    </datafield>
    <datafield tag="300" ind1=" " ind2=" ">
      <subfield code="a">[20] f. ; 19 cm</subfield>
    </datafield>
    <datafield tag="500" ind1=" " ind2=" ">
      <subfield code="a">Legătura: coperți din lemn legate în piele.</subfield>
    </datafield>
    <datafield tag="650" ind1=" " ind2=" ">
      <subfield code="a">carte străină veche</subfield>
    </datafield>
    <datafield tag="650" ind1=" " ind2=" ">
      <subfield code="a">teologie</subfield>
    </datafield>
    <datafield tag="650" ind1=" " ind2=" ">
      <subfield code="a">păcatul originar</subfield>
    </datafield>
    <datafield tag="650" ind1=" " ind2=" ">
      <subfield code="a">Biblia</subfield>
    </datafield>
    <datafield tag="995" ind1=" " ind2=" ">
      <subfield code="a">Colecţii Speciale - CS</subfield>
      <subfield code="D">0.01</subfield>
      <subfield code="e">CS0166</subfield>
      <subfield code="F">Sediul_Central_A</subfield>
      <subfield code="j">1027 SII</subfield>
      <subfield code="U">Available</subfield>
      <subfield code="W">Feb 25, 2020</subfield>
      <subfield code="y">CS0166</subfield>
      <subfield code="Z">Împrumut la Sala</subfield>
    </datafield>
  </record>