
  <record>
    <leader>00000nam a2200000 a 4500</leader>
    <controlfield tag="008">200225s1629####|||||||||||||||||#||####u</controlfield>
    <datafield tag="050" ind1=" " ind2=" ">
      <subfield code="a">284.1:239; 094.1(431.1)</subfield>
    </datafield>
    <datafield tag="100" ind1=" " ind2=" ">
      <subfield code="a">Behm, Johann</subfield>
    </datafield>
    <datafield tag="245" ind1="1" ind2="0">
      <subfield code="a">Anti-Rahtmannianum Collegium Publicu. Quindecim Disputationibus comprehensum in Quo Omnes Rathmannianae Controversiae de Dei Verbo, Ad Cynosuram Divini Verbi Solide Excutiuntur : Schvvencofeldicus fanatismus monstratur &amp; refutatur : Nostrae insuper Phrases sive locutiones, quibus in hujus controversiae enodatione usi sumus, à Rathmannianorum &amp; Movij praesertim torturâ liberantur &amp; vindicantur : Simul &amp; divina divini verbi efficacia ratione primi actus antè &amp; extra humanum usum ex unanimi hodiernorum ...</subfield>
      <subfield code="c">Johanne Behm, S. S. Th. D....</subfield>
      <subfield code="h">[Carte tipărită]</subfield>
    </datafield>
    <datafield tag="260" ind1=" " ind2=" ">
      <subfield code="a">Regiomonti [Königsberg]</subfield>
      <subfield code="b">Excusa Typis Laurentii Segebadii</subfield>
      <subfield code="c">1629</subfield>
    </datafield>
    <datafield tag="300" ind1=" " ind2=" ">
      <subfield code="a">[232] f. ; 19 cm</subfield>
    </datafield>
    <datafield tag="500" ind1=" " ind2=" ">
      <subfield code="a">Legătura: coperți din lemn legate în piele.</subfield>
    </datafield>
    <datafield tag="650" ind1=" " ind2=" ">
      <subfield code="a">secte protestante</subfield>
    </datafield>
    <datafield tag="650" ind1=" " ind2=" ">
      <subfield code="a">secte luterane</subfield>
    </datafield>
    <datafield tag="650" ind1=" " ind2=" ">
      <subfield code="a">teologie polemică</subfield>
    </datafield>
    <datafield tag="650" ind1=" " ind2=" ">
      <subfield code="a">teologie</subfield>
    </datafield>
    <datafield tag="650" ind1=" " ind2=" ">
      <subfield code="a">carte străină veche</subfield>
    </datafield>
    <datafield tag="650" ind1=" " ind2=" ">
      <subfield code="a">secte</subfield>
    </datafield>
    <datafield tag="650" ind1=" " ind2=" ">
      <subfield code="a">erezii</subfield>
    </datafield>
    <datafield tag="856" ind1=" " ind2=" ">
      <subfield code="u">http://www.dspace.bjastrasibiu.ro/bitstream/123456789/10301/1/BJA_CS_000163_CSV_0001-0464.pdf</subfield>
    </datafield>
    <datafield tag="995" ind1=" " ind2=" ">
      <subfield code="a">Colecţii Speciale - CS</subfield>
      <subfield code="D">0.01</subfield>
      <subfield code="e">CS0163</subfield>
      <subfield code="F">Sediul_Central_A</subfield>
      <subfield code="j">1025 SII</subfield>
      <subfield code="U">Available</subfield>
      <subfield code="W">Feb 25, 2020</subfield>
      <subfield code="y">CS0163</subfield>
      <subfield code="Z">Împrumut la Sala</subfield>
    </datafield>
  </record>