
  <record>
    <leader>00000nam a2200000 a 4500</leader>
    <controlfield tag="008">200225s1786####|||||||||||||||||#||####u</controlfield>
    <datafield tag="050" ind1=" " ind2=" ">
      <subfield code="a">094.1(439); 347.1</subfield>
    </datafield>
    <datafield tag="100" ind1=" " ind2=" ">
      <subfield code="a">Horvath, Ignatii Steph.</subfield>
    </datafield>
    <datafield tag="245" ind1="1" ind2="0">
      <subfield code="a">Ignatii Steph. Horvath J. V. D. S. C. R. et A. M. Aulae familiaris, juris nat. publ. Univ. et Gentium in Acad. Regia Poson. Prof. Publ. Ordin. et Librorum Revisor Regii Pibliotheca Jurisconsultorum Hungariae</subfield>
      <subfield code="c">Ignatii Steph. Horvath</subfield>
      <subfield code="h">[Carte tipărită]</subfield>
    </datafield>
    <datafield tag="260" ind1=" " ind2=" ">
      <subfield code="a">Posonii</subfield>
      <subfield code="b">Typis Simonis Petri Weber</subfield>
      <subfield code="c">1786</subfield>
    </datafield>
    <datafield tag="300" ind1=" " ind2=" ">
      <subfield code="a">[6] f.; 295 p. ; 19 cm</subfield>
    </datafield>
    <datafield tag="500" ind1=" " ind2=" ">
      <subfield code="a">Legătura: coperți din carton recent. Observații: fila de titlu, ștampilă dreptunghiulară cu textul: Biblioteca Astrei (Asociațiunea pentru lit. rom. și cultura poporului român. Centrala Sibiiu Nr.</subfield>
    </datafield>
    <datafield tag="650" ind1=" " ind2=" ">
      <subfield code="a">drept</subfield>
    </datafield>
    <datafield tag="650" ind1=" " ind2=" ">
      <subfield code="a">drept civil</subfield>
    </datafield>
    <datafield tag="650" ind1=" " ind2=" ">
      <subfield code="a">carte străină veche</subfield>
    </datafield>
    <datafield tag="995" ind1=" " ind2=" ">
      <subfield code="a">Colecţii Speciale - CS</subfield>
      <subfield code="D">0.01</subfield>
      <subfield code="e">CS4044</subfield>
      <subfield code="F">Sediul_Central_A</subfield>
      <subfield code="j">2448 SV</subfield>
      <subfield code="U">Available</subfield>
      <subfield code="W">Feb 25, 2020</subfield>
      <subfield code="y">CS4044</subfield>
      <subfield code="Z">Împrumut la Sala</subfield>
    </datafield>
  </record>