
  <record>
    <leader>00000nam a2200000 a 4500</leader>
    <controlfield tag="008">200225s1596####|||||||||||||||||#||####u</controlfield>
    <datafield tag="050" ind1=" " ind2=" ">
      <subfield code="a">094.1(437); 821.124'02-5</subfield>
    </datafield>
    <datafield tag="100" ind1=" " ind2=" ">
      <subfield code="a">Ciceronis, M. Tulli</subfield>
    </datafield>
    <datafield tag="245" ind1="1" ind2="0">
      <subfield code="a">M. Tulli Ciceronis Opera Omnia. Praeter hactenus vulgatam Dion. Lambini editionem, accesserunt D. Gothofredi I. C. Notae: in queis Variae lectiones prope infinitae: Synopses generales &amp; speciales singulis vel libris vel paginis adiectae: Ciceronis loca praecipua &amp; difficiliora, inter se primo: alijs deinde authoribus Grammaticis, Rhetoribus, Poetis, Historicis, Iurisconsultis maxime collata: vt &amp; formule quae ad ius, leges, senatusconsulta &amp; actiones pertinent, explicatae...</subfield>
      <subfield code="c">M. Tulli Ciceronis</subfield>
      <subfield code="h">[Carte tipărită]</subfield>
    </datafield>
    <datafield tag="260" ind1=" " ind2=" ">
      <subfield code="a">Praga</subfield>
      <subfield code="b">[S.n.]</subfield>
      <subfield code="c">1596</subfield>
    </datafield>
    <datafield tag="300" ind1=" " ind2=" ">
      <subfield code="a">958 p. ; 24 cm</subfield>
    </datafield>
    <datafield tag="500" ind1=" " ind2=" ">
      <subfield code="a">Legătura: coperți din carton recent marmorat. Însemnări: fila de titlu: Anno 1639 Petri Geb[...] argentotati (?); 1709 [...]; coperta 3, însemnări ilizibile.</subfield>
    </datafield>
    <datafield tag="650" ind1=" " ind2=" ">
      <subfield code="a">carte străină veche</subfield>
    </datafield>
    <datafield tag="650" ind1=" " ind2=" ">
      <subfield code="a">literatura latină clasică</subfield>
    </datafield>
    <datafield tag="650" ind1=" " ind2=" ">
      <subfield code="a">literatură</subfield>
    </datafield>
    <datafield tag="650" ind1=" " ind2=" ">
      <subfield code="a">scrieri filosofice</subfield>
    </datafield>
    <datafield tag="856" ind1=" " ind2=" ">
      <subfield code="u">http://www.dspace.bjastrasibiu.ro/bitstream/123456789/10299/1/BJA_CS_000110_CSV_0001-0716%282%29.pdf</subfield>
    </datafield>
    <datafield tag="995" ind1=" " ind2=" ">
      <subfield code="a">Colecţii Speciale - CS</subfield>
      <subfield code="D">0.01</subfield>
      <subfield code="e">CS0110</subfield>
      <subfield code="F">Sediul_Central_A</subfield>
      <subfield code="j">956 SI</subfield>
      <subfield code="U">Available</subfield>
      <subfield code="W">Feb 25, 2020</subfield>
      <subfield code="y">CS0110</subfield>
      <subfield code="Z">Împrumut la Sala</subfield>
    </datafield>
  </record>