
  <record>
    <leader>00000nam a2200000 a 4500</leader>
    <controlfield tag="008">200225s1748####|||||||||||||||||#||####u</controlfield>
    <datafield tag="050" ind1=" " ind2=" ">
      <subfield code="a">094.1(430); 22.08</subfield>
    </datafield>
    <datafield tag="100" ind1=" " ind2=" ">
      <subfield code="a">Hulsemanni, Joh.</subfield>
    </datafield>
    <datafield tag="245" ind1="1" ind2="0">
      <subfield code="a">Joh. Hulsemanni, Doctoris Theologi in Academia Wittebergensi, Methodus Concionandi, auctior edita..., Cui accesserunt Ejusdem Autoris Methodus Studii Theologici, in privatum quorundum usum conscripta..., nec non Doctoris Johannis Forsteri, Methodus formulae concionandi...</subfield>
      <subfield code="c">Joh. Hulsemanni</subfield>
      <subfield code="h">[Carte tipărită]</subfield>
    </datafield>
    <datafield tag="260" ind1=" " ind2=" ">
      <subfield code="a">Witebergae</subfield>
      <subfield code="b">Typis Johannis Rohneri, Acad. Typogr.</subfield>
      <subfield code="c">1748</subfield>
    </datafield>
    <datafield tag="300" ind1=" " ind2=" ">
      <subfield code="a">[8] f.; 448 p. ; 16 cm</subfield>
    </datafield>
    <datafield tag="500" ind1=" " ind2=" ">
      <subfield code="a">Legătura: coperți din lemn legate în piele.</subfield>
    </datafield>
    <datafield tag="650" ind1=" " ind2=" ">
      <subfield code="a">exegeză biblică</subfield>
    </datafield>
    <datafield tag="650" ind1=" " ind2=" ">
      <subfield code="a">carte străină veche</subfield>
    </datafield>
    <datafield tag="650" ind1=" " ind2=" ">
      <subfield code="a">teologie</subfield>
    </datafield>
    <datafield tag="995" ind1=" " ind2=" ">
      <subfield code="a">Colecţii Speciale - CS</subfield>
      <subfield code="D">0.01</subfield>
      <subfield code="e">CS1266</subfield>
      <subfield code="F">Sediul_Central_A</subfield>
      <subfield code="j">1277 SII</subfield>
      <subfield code="U">Available</subfield>
      <subfield code="W">Feb 25, 2020</subfield>
      <subfield code="y">CS1266</subfield>
      <subfield code="Z">Împrumut la Sala</subfield>
    </datafield>
  </record>