
  <record>
    <leader>00000nam a2200000 a 4500</leader>
    <controlfield tag="008">200225s1752####|||||||||||||||||#||####u</controlfield>
    <datafield tag="050" ind1=" " ind2=" ">
      <subfield code="a">094.1(430); 22.08</subfield>
    </datafield>
    <datafield tag="100" ind1=" " ind2=" ">
      <subfield code="a">Calovi, D. Abraham</subfield>
    </datafield>
    <datafield tag="245" ind1="1" ind2="0">
      <subfield code="a">I. N. J. D. Abraham Calovi Profess. Theologi, Circuli Elector. Saxonici Superintendentis Generalis, &amp; Consistorii Ecclesiastici Adsesoris Paedia Theologica de Methodo Studii Theologici Pie, Dextre, Feliciter tractandi, Proposita in Electorali Universitate Wittebergensi...</subfield>
      <subfield code="c">D. Abraham Calovi</subfield>
      <subfield code="h">[Carte tipărită]</subfield>
    </datafield>
    <datafield tag="260" ind1=" " ind2=" ">
      <subfield code="a">Witteberg</subfield>
      <subfield code="b">Typis Jobi Andreae Hartmanni</subfield>
      <subfield code="c">1752</subfield>
    </datafield>
    <datafield tag="300" ind1=" " ind2=" ">
      <subfield code="a">[8] f.; 392 p.; [8] f.; 16 cm</subfield>
    </datafield>
    <datafield tag="500" ind1=" " ind2=" ">
      <subfield code="a">Legătura: coperți din lemn legate în piele.  </subfield>
    </datafield>
    <datafield tag="650" ind1=" " ind2=" ">
      <subfield code="a">teologie biblică</subfield>
    </datafield>
    <datafield tag="650" ind1=" " ind2=" ">
      <subfield code="a">exegeză biblică</subfield>
    </datafield>
    <datafield tag="650" ind1=" " ind2=" ">
      <subfield code="a">carte străină veche</subfield>
    </datafield>
    <datafield tag="650" ind1=" " ind2=" ">
      <subfield code="a">teologie</subfield>
    </datafield>
    <datafield tag="995" ind1=" " ind2=" ">
      <subfield code="a">Colecţii Speciale - CS</subfield>
      <subfield code="D">0.01</subfield>
      <subfield code="e">CS1265</subfield>
      <subfield code="F">Sediul_Central_A</subfield>
      <subfield code="j">1276 SII</subfield>
      <subfield code="U">Available</subfield>
      <subfield code="W">Feb 25, 2020</subfield>
      <subfield code="y">CS1265</subfield>
      <subfield code="Z">Împrumut la Sala</subfield>
    </datafield>
  </record>