
  <record>
    <leader>00000nam a2200000 a 4500</leader>
    <controlfield tag="008">200225s1752####|||||||||||||||||#||####u</controlfield>
    <datafield tag="050" ind1=" " ind2=" ">
      <subfield code="a">094.1(430); 22.08</subfield>
    </datafield>
    <datafield tag="100" ind1=" " ind2=" ">
      <subfield code="a">Calovio, Abraham</subfield>
    </datafield>
    <datafield tag="245" ind1="1" ind2="0">
      <subfield code="a">I. N. J. Isagoges ad SS. Theologiam Libri duo, De Natura Theologiae et Methodo Studii Theologici, pie, dextre, ac feliciter tractandi, Cum examine Methodi Calixtinae. Autore Abraham Calovio SS. Theol. D. in Acad. Witeb. PP. Consist. Eccles. Adsessore, ac Circuli Elect. Superintend. Generali. editi Witerbegae...</subfield>
      <subfield code="c">Abraham Calovio</subfield>
      <subfield code="h">[Carte tipărită]</subfield>
    </datafield>
    <datafield tag="260" ind1=" " ind2=" ">
      <subfield code="a">Witebergae</subfield>
      <subfield code="b">Typis Jobi Wilhelmi Hartmanni, Bibliopol</subfield>
      <subfield code="c">1752</subfield>
    </datafield>
    <datafield tag="300" ind1=" " ind2=" ">
      <subfield code="a">[22] f.; 344 p.; [4] f. ; 16 cm</subfield>
    </datafield>
    <datafield tag="500" ind1=" " ind2=" ">
      <subfield code="a">Legătura: coperți din lemn legate în piele. Însemnări: fila de titlu: Sum M. Martini Kelgii Holdilag Lit. Schol. [...] Rect. [...]876 Maii</subfield>
    </datafield>
    <datafield tag="650" ind1=" " ind2=" ">
      <subfield code="a">teologie</subfield>
    </datafield>
    <datafield tag="650" ind1=" " ind2=" ">
      <subfield code="a">exegeză biblică</subfield>
    </datafield>
    <datafield tag="650" ind1=" " ind2=" ">
      <subfield code="a">teologie biblică</subfield>
    </datafield>
    <datafield tag="650" ind1=" " ind2=" ">
      <subfield code="a">carte străină veche</subfield>
    </datafield>
    <datafield tag="995" ind1=" " ind2=" ">
      <subfield code="a">Colecţii Speciale - CS</subfield>
      <subfield code="D">0.01</subfield>
      <subfield code="e">CS1264</subfield>
      <subfield code="F">Sediul_Central_A</subfield>
      <subfield code="j">1275 SII</subfield>
      <subfield code="U">Available</subfield>
      <subfield code="W">Feb 25, 2020</subfield>
      <subfield code="y">CS1264</subfield>
      <subfield code="Z">Împrumut la Sala</subfield>
    </datafield>
  </record>