
  <record>
    <leader>00000nam a2200000 a 4500</leader>
    <controlfield tag="008">200224s1769####|||||||||||||||||#||####u</controlfield>
    <datafield tag="050" ind1=" " ind2=" ">
      <subfield code="a">094.1(430); 265.31/34</subfield>
    </datafield>
    <datafield tag="100" ind1=" " ind2=" ">
      <subfield code="a">Lojola, S. Ignatio de</subfield>
    </datafield>
    <datafield tag="245" ind1="1" ind2="0">
      <subfield code="a">Via Compendii ad Perfectionem Statui Religioso competentem octiduano itinere emetienda duce S. Ignatio de Lojola interprete P. Francisco Neumayr S. J. Editio secunda correctior...</subfield>
      <subfield code="c">S. Ignatio de Lojola</subfield>
      <subfield code="h">[Carte tipărită]</subfield>
    </datafield>
    <datafield tag="250" ind1=" " ind2=" ">
      <subfield code="a">Ed. a 2-a</subfield>
    </datafield>
    <datafield tag="260" ind1=" " ind2=" ">
      <subfield code="a">Augustae; Ingolstadii</subfield>
      <subfield code="b">Sumptibus Franc. Xav. Cratz, &amp; Thomae Summer</subfield>
      <subfield code="c">1769</subfield>
    </datafield>
    <datafield tag="300" ind1=" " ind2=" ">
      <subfield code="a">[24] f.; 433 p. ; 18 cm</subfield>
    </datafield>
    <datafield tag="500" ind1=" " ind2=" ">
      <subfield code="a">Legătura: coperți din carton recent. Însemnări: fila de titlu: Conventus Cibiniensis.</subfield>
    </datafield>
    <datafield tag="650" ind1=" " ind2=" ">
      <subfield code="a">carte străină veche</subfield>
    </datafield>
    <datafield tag="650" ind1=" " ind2=" ">
      <subfield code="a">teologie</subfield>
    </datafield>
    <datafield tag="650" ind1=" " ind2=" ">
      <subfield code="a">doctrina catolică</subfield>
    </datafield>
    <datafield tag="995" ind1=" " ind2=" ">
      <subfield code="a">Colecţii Speciale - CS</subfield>
      <subfield code="D">0.01</subfield>
      <subfield code="e">CS0235</subfield>
      <subfield code="F">Sediul_Central_A</subfield>
      <subfield code="j">2447 CSV</subfield>
      <subfield code="U">Available</subfield>
      <subfield code="W">Feb 24, 2020</subfield>
      <subfield code="y">CS0235</subfield>
      <subfield code="Z">Împrumut la Sala</subfield>
    </datafield>
  </record>