
  <record>
    <leader>00000nam a2200000 a 4500</leader>
    <controlfield tag="008">200224s1779####|||||||||||||||||#||####u</controlfield>
    <datafield tag="050" ind1=" " ind2=" ">
      <subfield code="a">094.1(437); 261.31/34; 271.279</subfield>
    </datafield>
    <datafield tag="100" ind1=" " ind2=" ">
      <subfield code="a">Ungar, Raphaelis</subfield>
    </datafield>
    <datafield tag="245" ind1="1" ind2="0">
      <subfield code="a">Positiones ex Universa Theologia in systema redactae quas ex praelectionibus Raphaelis Ungar, Sacri ac Exemti Ordinis Praemonstratensis Regiae Ecclesiae B. V. M. in Monte Sion canonici, in Universitate Pragensi SS. Theologiae Doctoris...</subfield>
      <subfield code="c">Raphaelis Ungar</subfield>
      <subfield code="h">[Carte tipărită]</subfield>
    </datafield>
    <datafield tag="260" ind1=" " ind2=" ">
      <subfield code="a">Praga</subfield>
      <subfield code="b">[S.n.]</subfield>
      <subfield code="c">1779</subfield>
    </datafield>
    <datafield tag="300" ind1=" " ind2=" ">
      <subfield code="a">[20] f.; 92 p.; [1] f. ; 20 cm</subfield>
    </datafield>
    <datafield tag="500" ind1=" " ind2=" ">
      <subfield code="a">Legătura: coperțidin carton legate în piele. Însemnări: coperta 2: P. Hyacinthi Trieb. procura[...] Elvasi (?) in germania Anno 782.</subfield>
    </datafield>
    <datafield tag="650" ind1=" " ind2=" ">
      <subfield code="a">ordine catolice</subfield>
    </datafield>
    <datafield tag="650" ind1=" " ind2=" ">
      <subfield code="a">ordinul premonstratens</subfield>
    </datafield>
    <datafield tag="650" ind1=" " ind2=" ">
      <subfield code="a">carte străină veche</subfield>
    </datafield>
    <datafield tag="650" ind1=" " ind2=" ">
      <subfield code="a">teologie</subfield>
    </datafield>
    <datafield tag="650" ind1=" " ind2=" ">
      <subfield code="a">doctrina catolică</subfield>
    </datafield>
    <datafield tag="995" ind1=" " ind2=" ">
      <subfield code="a">Colecţii Speciale - CS</subfield>
      <subfield code="D">0.01</subfield>
      <subfield code="e">CS4015</subfield>
      <subfield code="F">Sediul_Central_A</subfield>
      <subfield code="j">2445 SV</subfield>
      <subfield code="U">Available</subfield>
      <subfield code="W">Feb 24, 2020</subfield>
      <subfield code="y">CS4015</subfield>
      <subfield code="Z">Împrumut la Sala</subfield>
    </datafield>
  </record>