
  <record>
    <leader>00000nam a2200000 a 4500</leader>
    <controlfield tag="008">200224s1742####|||||||||||||||||#||####u</controlfield>
    <datafield tag="050" ind1=" " ind2=" ">
      <subfield code="a">094.1(439); 94(439)</subfield>
    </datafield>
    <datafield tag="100" ind1=" " ind2=" ">
      <subfield code="a">Andrea Belio, Carolo</subfield>
    </datafield>
    <datafield tag="245" ind1="1" ind2="0">
      <subfield code="a">De Maria Hungariae Regina Ludovici Primi, Principe Filia, commentatio historico-critica elaborata a Carolo Andrea Belio Pison Hung. Philos, et Art. Mag.</subfield>
      <subfield code="c">Carolo Andrea Belio</subfield>
      <subfield code="h">[Carte tipărită]</subfield>
    </datafield>
    <datafield tag="260" ind1=" " ind2=" ">
      <subfield code="a">Lipsiae</subfield>
      <subfield code="b">Litteris Schniebesianis</subfield>
      <subfield code="c">1742</subfield>
    </datafield>
    <datafield tag="300" ind1=" " ind2=" ">
      <subfield code="a">[2] f.; 44 p. ; 21 cm</subfield>
    </datafield>
    <datafield tag="500" ind1=" " ind2=" ">
      <subfield code="a">Legătura: lipsesc coperțile, se află în folie de protecție. Observații: fila de titlu, două ștampile ilizibile.</subfield>
    </datafield>
    <datafield tag="650" ind1=" " ind2=" ">
      <subfield code="a">istoria Ungariei</subfield>
    </datafield>
    <datafield tag="650" ind1=" " ind2=" ">
      <subfield code="a">carte străină veche</subfield>
    </datafield>
    <datafield tag="650" ind1=" " ind2=" ">
      <subfield code="a">istorie</subfield>
    </datafield>
    <datafield tag="995" ind1=" " ind2=" ">
      <subfield code="a">Colecţii Speciale - CS</subfield>
      <subfield code="D">0.01</subfield>
      <subfield code="e">CS4043</subfield>
      <subfield code="F">Sediul_Central_A</subfield>
      <subfield code="j">2444 SV</subfield>
      <subfield code="U">Available</subfield>
      <subfield code="W">Feb 24, 2020</subfield>
      <subfield code="y">CS4043</subfield>
      <subfield code="Z">Împrumut la Sala</subfield>
    </datafield>
  </record>