
  <record>
    <leader>00000nam a2200000 a 4500</leader>
    <controlfield tag="008">200224s1799####|||||||||||||||||#||####u</controlfield>
    <datafield tag="050" ind1=" " ind2=" ">
      <subfield code="a">094.1(439); 94(37)</subfield>
    </datafield>
    <datafield tag="100" ind1=" " ind2=" ">
      <subfield code="a">Nieupoort, G. H.</subfield>
    </datafield>
    <datafield tag="245" ind1="1" ind2="0">
      <subfield code="a">Ritus qui olim apud Romanos obtinuerunt, succincta explicatio ad intelligentiam veterum authorum facili methodo a G. H. Nieupoort conscripta</subfield>
      <subfield code="c"> G. H. Nieupoort</subfield>
      <subfield code="h">[Carte tipărită]</subfield>
    </datafield>
    <datafield tag="260" ind1=" " ind2=" ">
      <subfield code="a">Buda</subfield>
      <subfield code="b">Sumptibus, et typis Typographiae Regiae Universitatis Pestiensis</subfield>
      <subfield code="c">1799</subfield>
    </datafield>
    <datafield tag="300" ind1=" " ind2=" ">
      <subfield code="a">[1] f.; 384 p.; [19] f. ; 19 cm</subfield>
    </datafield>
    <datafield tag="500" ind1=" " ind2=" ">
      <subfield code="a">Legătura: coperți din carton recent. Observații: fila de titlu, fila 19, ștampilă ovală cu textul: Biblioteca Centrală a Asociațiunii Sibiiu; fila de titlu, ștampilă dreptunghiulară cu textul: Biblioteca Astrei (Asociațiunea pentru lit. rom și cultura poporului român Centrala Sibiiu. Nr. 22073</subfield>
    </datafield>
    <datafield tag="650" ind1=" " ind2=" ">
      <subfield code="a">istoria Romei antice</subfield>
    </datafield>
    <datafield tag="650" ind1=" " ind2=" ">
      <subfield code="a">carte străină veche</subfield>
    </datafield>
    <datafield tag="650" ind1=" " ind2=" ">
      <subfield code="a">istorie antică</subfield>
    </datafield>
    <datafield tag="650" ind1=" " ind2=" ">
      <subfield code="a">istorie</subfield>
    </datafield>
    <datafield tag="856" ind1=" " ind2=" ">
      <subfield code="u">http://www.dspace.bjastrasibiu.ro/bitstream/123456789/10402/1/BJA_CS_003979_CSV_0001-0434.pdf</subfield>
    </datafield>
    <datafield tag="995" ind1=" " ind2=" ">
      <subfield code="a">Colecţii Speciale - CS</subfield>
      <subfield code="D">0.01</subfield>
      <subfield code="e">CS3979</subfield>
      <subfield code="F">Sediul_Central_A</subfield>
      <subfield code="j">2384 SV</subfield>
      <subfield code="U">Available</subfield>
      <subfield code="W">Feb 24, 2020</subfield>
      <subfield code="y">CS3979</subfield>
      <subfield code="Z">Împrumut la Sala</subfield>
    </datafield>
  </record>