
  <record>
    <leader>00000nam a2200000 a 4500</leader>
    <controlfield tag="008">200224s1757####|||||||||||||||||#||####u</controlfield>
    <datafield tag="050" ind1=" " ind2=" ">
      <subfield code="a">094.1(430); 94(38)</subfield>
    </datafield>
    <datafield tag="245" ind1="0" ind2="0">
      <subfield code="a">Iustini Historiae Philippicae ex recensione Iohannis Georgii Graevii cum eiusdem et Ioh. Frider. Gronovii animadversionibus additus est praeter prologos historiarum philippicarum trogli et excerptiones chronologicas Iacobi Bongarsii Libellus variarum lectionum...</subfield>
      <subfield code="c">Marcus Iunianus Iustinus; pref. Ioh. Frider. Fischerus</subfield>
      <subfield code="h">[Carte tipărită]</subfield>
    </datafield>
    <datafield tag="260" ind1=" " ind2=" ">
      <subfield code="a">Lipsiae</subfield>
      <subfield code="b">In Libraria Veidmania</subfield>
      <subfield code="c">1757</subfield>
    </datafield>
    <datafield tag="300" ind1=" " ind2=" ">
      <subfield code="a">LXII p.; 708 p.; [90] f. ; 18 cm</subfield>
    </datafield>
    <datafield tag="500" ind1=" " ind2=" ">
      <subfield code="a">Legătura: coperți din carton legate în piele. Însemnări: fila de gardă 1 v: 447/893; fila de gardă 2: Git. la 6 Maj 1791; fila de titlu: G. Baritiu. Observații: fila de gardă 3: ștampilă dreptunghiulară cu textul: Biblioteca Astrei (Asociațiunea pentru lit. rom. și cultura poporului român) Centrala Sibiiu. Nr.; fila de gardă 3: Biblioteca Asociat. trane. Rom. P. Cult. Și Lit. Pop. Rom.; p. 1, 271, 331, 433, 613.</subfield>
    </datafield>
    <datafield tag="650" ind1=" " ind2=" ">
      <subfield code="a">istorie antică</subfield>
    </datafield>
    <datafield tag="650" ind1=" " ind2=" ">
      <subfield code="a">istorie</subfield>
    </datafield>
    <datafield tag="650" ind1=" " ind2=" ">
      <subfield code="a">carte străină veche</subfield>
    </datafield>
    <datafield tag="995" ind1=" " ind2=" ">
      <subfield code="a">Colecţii Speciale - CS</subfield>
      <subfield code="D">0.01</subfield>
      <subfield code="e">CS3975</subfield>
      <subfield code="F">Sediul_Central_A</subfield>
      <subfield code="j">2383 SV</subfield>
      <subfield code="U">Available</subfield>
      <subfield code="W">Feb 24, 2020</subfield>
      <subfield code="y">CS3975</subfield>
      <subfield code="Z">Împrumut la Sala</subfield>
    </datafield>
  </record>