
  <record>
    <leader>00000nam a2200000 a 4500</leader>
    <controlfield tag="008">200224s1765####|||||||||||||||||#||####u</controlfield>
    <datafield tag="050" ind1=" " ind2=" ">
      <subfield code="a">094.1(430); 347.1; 340.143</subfield>
    </datafield>
    <datafield tag="100" ind1=" " ind2=" ">
      <subfield code="a">Boehmeri, Io. Samuelis Friderici</subfield>
    </datafield>
    <datafield tag="245" ind1="1" ind2="0">
      <subfield code="a">Io. Samuelis Friderici Boehmeri, Icti Com. Palat. Caes. Potent. Regi boruss. A Consil. Aulic. et Prof. Iur. Ordin. in Academia Fridericiana Elementa Iurisprudentiae Criminalis, in usu auditorii commoda methodo adornata. Editio sexta auctior et emendatior...</subfield>
      <subfield code="c">Io. Samuelis Friderici Boehmeri</subfield>
      <subfield code="h">[Carte tipărită]</subfield>
    </datafield>
    <datafield tag="260" ind1=" " ind2=" ">
      <subfield code="a">Halae</subfield>
      <subfield code="b">Sumptibus Orphanotrophei</subfield>
      <subfield code="c">1765</subfield>
    </datafield>
    <datafield tag="300" ind1=" " ind2=" ">
      <subfield code="a">[16] f.; 480 p.; [16] f. ; 19 cm</subfield>
    </datafield>
    <datafield tag="500" ind1=" " ind2=" ">
      <subfield code="a">Legătura: coperți din carton recent marmorat. Însemnări: fila de gardă. De verre [...]aliae; fila de titlu: Ottvey; Jana[...] Observații: fila de titlu, p. 1, 11, 51, 71, 87, 107, 155, 179, 221, 287, 331, 367, 439, ștampilă ovală cu textul: Biblioteca Centrală a Asociațiunii. Sibiiu; fila de titlu, ștampilă dreptunghiulară cu textul: Biblioteca Astrei (Asociațiunea pentru lit. rom. și cultura poporului român) Centrala Sibiiu. Nr. 1376</subfield>
    </datafield>
    <datafield tag="650" ind1=" " ind2=" ">
      <subfield code="a">jurisprudentă</subfield>
    </datafield>
    <datafield tag="650" ind1=" " ind2=" ">
      <subfield code="a">carte străină veche</subfield>
    </datafield>
    <datafield tag="650" ind1=" " ind2=" ">
      <subfield code="a">drept civil</subfield>
    </datafield>
    <datafield tag="995" ind1=" " ind2=" ">
      <subfield code="a">Colecţii Speciale - CS</subfield>
      <subfield code="D">0.01</subfield>
      <subfield code="e">CS4041</subfield>
      <subfield code="F">Sediul_Central_A</subfield>
      <subfield code="j">2442 SV</subfield>
      <subfield code="U">Available</subfield>
      <subfield code="W">Feb 24, 2020</subfield>
      <subfield code="y">CS4041</subfield>
      <subfield code="Z">Împrumut la Sala</subfield>
    </datafield>
  </record>