
  <record>
    <leader>00000nam a2200000 a 4500</leader>
    <controlfield tag="008">200224s1764####|||||||||||||||||#||####u</controlfield>
    <datafield tag="050" ind1=" " ind2=" ">
      <subfield code="a">094.1(430); 347.1; 340.143</subfield>
    </datafield>
    <datafield tag="100" ind1=" " ind2=" ">
      <subfield code="a">Darjes, Joachim Georg/Daries, Ioachim Georg</subfield>
    </datafield>
    <datafield tag="245" ind1="1" ind2="0">
      <subfield code="a">Ioach. Georgii Daries Pot. Borussor. Reg. a Consil. Intim. Iur. ac Philosoph. in Illustr. Viadr. Doct. et Prof. Publ. Ordin. Senatus Acad. Scient. Util. Elect. Mog. Assess. Ordin. Etc. Institutiones Iurisprudentiae Universalis in quibis Omnia Iuris Naturae Socialis et Gentium Capita in usum auditorii sui methodo scientifica...</subfield>
      <subfield code="c">Ioac. Georgii Daries</subfield>
      <subfield code="h">[Carte tipărită]</subfield>
    </datafield>
    <datafield tag="250" ind1=" " ind2=" ">
      <subfield code="a">Ed. a 6-a</subfield>
    </datafield>
    <datafield tag="260" ind1=" " ind2=" ">
      <subfield code="a">Ienae</subfield>
      <subfield code="b">Christ. Henr. Cuno</subfield>
      <subfield code="c">1764</subfield>
    </datafield>
    <datafield tag="300" ind1=" " ind2=" ">
      <subfield code="a">26 p.; 586 p.; [20] f. ; il.; 20 cm</subfield>
    </datafield>
    <datafield tag="500" ind1=" " ind2=" ">
      <subfield code="a">Legătura: coperți din carton recent marmorat. Observații: fila de gardă, ștampilă dreptunghiulară cu textul: Biblioteca Astrei (Asociațiunea pentru lit. rom. și cultura poporului român) Centrala Sibiiu Nr. 748; p. 19, 23, 13, 15, 29, 37, 67, 95, 111, 169, 211, 279, 349, 387, 423, 497, 537: ștampilă ovală cu textul: Biblioteca Centrală a Asociațiunii Sibiiu.</subfield>
    </datafield>
    <datafield tag="650" ind1=" " ind2=" ">
      <subfield code="a">carte străină veche</subfield>
    </datafield>
    <datafield tag="650" ind1=" " ind2=" ">
      <subfield code="a">drept civil</subfield>
    </datafield>
    <datafield tag="650" ind1=" " ind2=" ">
      <subfield code="a">jurisprudentă</subfield>
    </datafield>
    <datafield tag="995" ind1=" " ind2=" ">
      <subfield code="a">Colecţii Speciale - CS</subfield>
      <subfield code="D">0.01</subfield>
      <subfield code="e">CS3987</subfield>
      <subfield code="F">Sediul_Central_A</subfield>
      <subfield code="j">2403 SV</subfield>
      <subfield code="U">Available</subfield>
      <subfield code="W">Feb 24, 2020</subfield>
      <subfield code="y">CS3987</subfield>
      <subfield code="Z">Împrumut la Sala</subfield>
    </datafield>
  </record>