
  <record>
    <leader>00000nam a2200000 a 4500</leader>
    <controlfield tag="008">200224s1788####|||||||||||||||||#||####u</controlfield>
    <datafield tag="050" ind1=" " ind2=" ">
      <subfield code="a">094.1(436); 616-036.1</subfield>
    </datafield>
    <datafield tag="100" ind1=" " ind2=" ">
      <subfield code="a">Stoll, Maximilian</subfield>
    </datafield>
    <datafield tag="245" ind1="1" ind2="0">
      <subfield code="a">Maximiliani Stoll medicinae clinicae P. P. O. in Universitate Vindobonensi, Praelectiones in Diversos Morbos Chronicos. Post ejus obitum editit et praefatus est Josephus Eyerel. [Volumen I]</subfield>
      <subfield code="c">Maximiliani Stoll ; editor Josephus Eyerel</subfield>
      <subfield code="h">[Carte tipărită]</subfield>
    </datafield>
    <datafield tag="260" ind1=" " ind2=" ">
      <subfield code="a">Vindobonae (Viena)</subfield>
      <subfield code="b">Typis Christiani Friderici Wappler</subfield>
      <subfield code="c">1788</subfield>
    </datafield>
    <datafield tag="300" ind1=" " ind2=" ">
      <subfield code="a">VI p.; 425 p. ; 20 cm</subfield>
    </datafield>
    <datafield tag="500" ind1=" " ind2=" ">
      <subfield code="a">Legătura: coperți din carton recent marmorat; pe copertă se păstrează autorul și titlul cărții: „Stoll. Praelectiones 1”. Observații: fila de gardă, fila de titlu, p. III, p. 3, 7, 11, 13, 25, 41, 63, 65, 75, 85, 87, 93, 107, 121, 125, 129, 131, 147, 151, 173, 181, 193, 199, 215, 223, 225, 259, 267, 305, 315, 343, 345, 359, 371, 415: ștampilă ovală cu textul: Biblioteca Centrală a Asociațiunii Sibiiu; fila de titlu, ștampilă dreptunghiulară cu textul: „Biblioteca Astrei (Asociațiunea pentru lit. rom. și cultura poporului român). Centrala Sibiiu Nr. 672”; pe verso-ul paginii de titlu și pe ultima pagină - ștampilă ovală cu textul: „Biblioteca Astra Sibiu”.</subfield>
    </datafield>
    <datafield tag="650" ind1=" " ind2=" ">
      <subfield code="a">boli cronice</subfield>
    </datafield>
    <datafield tag="650" ind1=" " ind2=" ">
      <subfield code="a">medicină</subfield>
    </datafield>
    <datafield tag="650" ind1=" " ind2=" ">
      <subfield code="a">carte străină veche</subfield>
    </datafield>
    <datafield tag="650" ind1=" " ind2=" ">
      <subfield code="a">afecţiuni cronice</subfield>
    </datafield>
    <datafield tag="856" ind1=" " ind2=" ">
      <subfield code="u">http://www.dspace.bjastrasibiu.ro/bitstream/123456789/10589/1/BJA_CS_003999_CSV_0001-0428.pdf</subfield>
    </datafield>
    <datafield tag="995" ind1=" " ind2=" ">
      <subfield code="a">Colecţii Speciale - CS</subfield>
      <subfield code="D">0.01</subfield>
      <subfield code="e">CS3999</subfield>
      <subfield code="F">Sediul_Central_A</subfield>
      <subfield code="j">2400 SV</subfield>
      <subfield code="U">Available</subfield>
      <subfield code="W">Feb 24, 2020</subfield>
      <subfield code="y">CS3999</subfield>
      <subfield code="Z">Împrumut la Sala</subfield>
    </datafield>
  </record>