
  <record>
    <leader>00000nam a2200000 a 4500</leader>
    <controlfield tag="008">200224s1777####|||||||||||||||||#||####u</controlfield>
    <datafield tag="050" ind1=" " ind2=" ">
      <subfield code="a">094.1(430); 347.1</subfield>
    </datafield>
    <datafield tag="100" ind1=" " ind2=" ">
      <subfield code="a">Heineccio, Io, Gottl.</subfield>
    </datafield>
    <datafield tag="245" ind1="1" ind2="0">
      <subfield code="a">Elementa Iuris Civilis secundum Ordinem Institutionum, commoda auditoribus methodo adornata a Io. Gottl. Heineccio, Ic. Pot. Pruss. Reg. a Consil. Secret. iurium ac philos. in ill. frid. P. P. O. et indicibus necessariis aucta. Cum speciali Privilegio Caes. Reg. Apost. Majest.</subfield>
      <subfield code="c">Io. Gottl. Heineccio</subfield>
      <subfield code="h">[Carte tipărită]</subfield>
    </datafield>
    <datafield tag="260" ind1=" " ind2=" ">
      <subfield code="a">Viena</subfield>
      <subfield code="b">Typ. Joan. Thom. Nob. de Trattnern Caes. Reg. Aulae. Typogr. et Bibliop</subfield>
      <subfield code="c">1777</subfield>
    </datafield>
    <datafield tag="300" ind1=" " ind2=" ">
      <subfield code="a">574 p.; [31] p. ; 18 cm</subfield>
    </datafield>
    <datafield tag="500" ind1=" " ind2=" ">
      <subfield code="a">Legătura: coperți din carton recent marmorat. Observații: p. [31]: ștampilă dreptunghiulară cu textul: Asociațiunea pentru Literatura Română și Cultura Poproului Român Astra - Sibiu No. 1474 Anul 1947 luna V ziua 26.</subfield>
    </datafield>
    <datafield tag="650" ind1=" " ind2=" ">
      <subfield code="a">carte străină veche</subfield>
    </datafield>
    <datafield tag="650" ind1=" " ind2=" ">
      <subfield code="a">drept civil</subfield>
    </datafield>
    <datafield tag="995" ind1=" " ind2=" ">
      <subfield code="a">Colecţii Speciale - CS</subfield>
      <subfield code="D">0.01</subfield>
      <subfield code="e">CS4014</subfield>
      <subfield code="F">Sediul_Central_A</subfield>
      <subfield code="j">2420 SV</subfield>
      <subfield code="U">Available</subfield>
      <subfield code="W">Feb 24, 2020</subfield>
      <subfield code="y">CS4014</subfield>
      <subfield code="Z">Împrumut la Sala</subfield>
    </datafield>
  </record>