
  <record>
    <leader>00000nam a2200000 a 4500</leader>
    <controlfield tag="008">200224s1686####|||||||||||||||||#||####u</controlfield>
    <datafield tag="050" ind1=" " ind2=" ">
      <subfield code="a">094.1(498); 94(4)</subfield>
    </datafield>
    <datafield tag="100" ind1=" " ind2=" ">
      <subfield code="a">Sleidano, J. O.</subfield>
    </datafield>
    <datafield tag="245" ind1="1" ind2="0">
      <subfield code="a">C. S. Schurtzfleischii Epitomes Historicae a JO. Sleidano caepta Deinceps ad annum MDCLXIX productae Nncad An. MDCLXXVI prolatae Series, rerum temporumque Ordine confecta</subfield>
      <subfield code="c">J. O. Sleidano</subfield>
      <subfield code="h">[Carte tipărită]</subfield>
    </datafield>
    <datafield tag="260" ind1=" " ind2=" ">
      <subfield code="a">Frankfurt am Main</subfield>
      <subfield code="b">[S.n.]</subfield>
      <subfield code="c">1686</subfield>
    </datafield>
    <datafield tag="300" ind1=" " ind2=" ">
      <subfield code="a">p. 617-834; [38] f. ; 14 cm</subfield>
    </datafield>
    <datafield tag="500" ind1=" " ind2=" ">
      <subfield code="a">Legătura: coperți din lemn legate în piele.</subfield>
    </datafield>
    <datafield tag="650" ind1=" " ind2=" ">
      <subfield code="a">istoria Europei</subfield>
    </datafield>
    <datafield tag="650" ind1=" " ind2=" ">
      <subfield code="a">istorie</subfield>
    </datafield>
    <datafield tag="650" ind1=" " ind2=" ">
      <subfield code="a">carte străină veche</subfield>
    </datafield>
    <datafield tag="995" ind1=" " ind2=" ">
      <subfield code="a">Colecţii Speciale - CS</subfield>
      <subfield code="D">0.01</subfield>
      <subfield code="e">CS0298</subfield>
      <subfield code="F">Sediul_Central_A</subfield>
      <subfield code="j">1156 SII</subfield>
      <subfield code="U">Available</subfield>
      <subfield code="W">Feb 24, 2020</subfield>
      <subfield code="y">CS0298</subfield>
      <subfield code="Z">Împrumut la Sala</subfield>
    </datafield>
  </record>