
  <record>
    <leader>00000nam a2200000 a 4500</leader>
    <controlfield tag="008">200221s1692####|||||||||||||||||#||####u</controlfield>
    <datafield tag="050" ind1=" " ind2=" ">
      <subfield code="a">094.1(430); 94(4)</subfield>
    </datafield>
    <datafield tag="100" ind1=" " ind2=" ">
      <subfield code="a">Sleidani, Johannis</subfield>
    </datafield>
    <datafield tag="245" ind1="1" ind2="0">
      <subfield code="a">De Quatuor summis imperiis libri tres, ab Henrico Meibomio olim materiarum sedibus illustrati, nunc vero denuo revisi, multis Locis emendati, &amp; accurata Chronologia austi. Accesit Continuatio ab initio Caroli V usque ad Annum Christi 1668. Opera &amp; Studio Aegidii Strauchii, SS. Theol. D. &amp; in Acad. Witt. Hist. P.P. postea vero ad Annum 1678...</subfield>
      <subfield code="c">Johannis Sleidani</subfield>
      <subfield code="h">[Carte tipărită]</subfield>
    </datafield>
    <datafield tag="260" ind1=" " ind2=" ">
      <subfield code="a">Lipsiae</subfield>
      <subfield code="b">Imp. Mart. gabr. Hubneri, Bibl. Dresd.</subfield>
      <subfield code="c">1692</subfield>
    </datafield>
    <datafield tag="300" ind1=" " ind2=" ">
      <subfield code="a">[12] f.; 616 p. ; 14 cm</subfield>
    </datafield>
    <datafield tag="500" ind1=" " ind2=" ">
      <subfield code="a">Legătura: coperți din carton legate în piele. Însemnări: fila de gardă: Ma[...] Belely Ao 1752 Sym Deus providabit.</subfield>
    </datafield>
    <datafield tag="650" ind1=" " ind2=" ">
      <subfield code="a">istorie</subfield>
    </datafield>
    <datafield tag="650" ind1=" " ind2=" ">
      <subfield code="a">istoria Europei</subfield>
    </datafield>
    <datafield tag="650" ind1=" " ind2=" ">
      <subfield code="a">carte străină veche</subfield>
    </datafield>
    <datafield tag="995" ind1=" " ind2=" ">
      <subfield code="a">Colecţii Speciale - CS</subfield>
      <subfield code="D">0.01</subfield>
      <subfield code="e">CS0296</subfield>
      <subfield code="F">Sediul_Central_A</subfield>
      <subfield code="j">1154 SII</subfield>
      <subfield code="U">Available</subfield>
      <subfield code="W">Feb 21, 2020</subfield>
      <subfield code="y">CS0296</subfield>
      <subfield code="Z">Împrumut la Sala</subfield>
    </datafield>
  </record>