
  <record>
    <leader>00000nam a2200000 a 4500</leader>
    <controlfield tag="008">200221s1692####|||||||||||||||||#||####u</controlfield>
    <datafield tag="050" ind1=" " ind2=" ">
      <subfield code="a">094.1(430); 265.31/34</subfield>
    </datafield>
    <datafield tag="245" ind1="0" ind2="0">
      <subfield code="a">Theses menstruae de Causis Excusantibus ab Integritate Materiali Confessionis quas In communi studio Theologico Exemptae Congregationis Benedictino-Bavaricae in Monte S. Joannis Evangelistae Mallerstorphii instituto Praeside P. Placido Stainbacher ibidem Professo, p. t. RR. FF. Studiosorum Directore &amp; SS. Theologiae Professore ordinatio...</subfield>
      <subfield code="c">Editor P. Placido Stainbacher</subfield>
      <subfield code="h">[Carte tipărită]</subfield>
    </datafield>
    <datafield tag="260" ind1=" " ind2=" ">
      <subfield code="a">Ratisbonae</subfield>
      <subfield code="b">Typis Joan: Aegidii Raith, Episcopalis Ratisbonensis Typographi</subfield>
      <subfield code="c">1692</subfield>
    </datafield>
    <datafield tag="300" ind1=" " ind2=" ">
      <subfield code="a">70 p. ; 16 cm</subfield>
    </datafield>
    <datafield tag="500" ind1=" " ind2=" ">
      <subfield code="a">Legătura: coperți din carton recent marmorat. Însemnări: fila de titlu: Liber Conventus Cibiniensi.</subfield>
    </datafield>
    <datafield tag="650" ind1=" " ind2=" ">
      <subfield code="a">catolicism</subfield>
    </datafield>
    <datafield tag="650" ind1=" " ind2=" ">
      <subfield code="a">carte străină veche</subfield>
    </datafield>
    <datafield tag="650" ind1=" " ind2=" ">
      <subfield code="a">doctrina catolică</subfield>
    </datafield>
    <datafield tag="995" ind1=" " ind2=" ">
      <subfield code="a">Colecţii Speciale - CS</subfield>
      <subfield code="D">0.01</subfield>
      <subfield code="e">CS0440</subfield>
      <subfield code="F">Sediul_Central_A</subfield>
      <subfield code="j">1312 CSV</subfield>
      <subfield code="U">Available</subfield>
      <subfield code="W">Feb 21, 2020</subfield>
      <subfield code="y">CS0440</subfield>
      <subfield code="Z">Împrumut la Sala</subfield>
    </datafield>
  </record>