
  <record>
    <leader>00000nam a2200000 a 4500</leader>
    <controlfield tag="008">200221s1783####|||||||||||||||||#||####u</controlfield>
    <datafield tag="050" ind1=" " ind2=" ">
      <subfield code="a">094.1(498); 111.124'06</subfield>
    </datafield>
    <datafield tag="100" ind1=" " ind2=" ">
      <subfield code="a">Şincai, Gheorghe</subfield>
    </datafield>
    <datafield tag="245" ind1="1" ind2="1">
      <subfield code="a">[Prima Principia Latinae Gramatices que ad usum scholarum valachico - nationalium propter majorem incipientium puerorum facilitatem, adjecta valachica lingua, in hunc ordinem redegit, ac typis edi curavit Georgius Gabriel Sinkai de eadem A.A. L.L. Philosophiae </subfield>
      <subfield code="c">Gheorghe Șincai</subfield>
      <subfield code="h">[Carte tipărită]</subfield>
    </datafield>
    <datafield tag="260" ind1=" " ind2=" ">
      <subfield code="a">Blaj</subfield>
      <subfield code="b">Typis Seminarii Dioecesani</subfield>
      <subfield code="c">1783</subfield>
    </datafield>
    <datafield tag="300" ind1=" " ind2=" ">
      <subfield code="a">p. 5-26; p. 29-82; p. 85-92; p. 95-102; p. 107-184</subfield>
    </datafield>
    <datafield tag="500" ind1=" " ind2=" ">
      <subfield code="a">Legătura: coperţi din carton recent marmorat. Însemnări: coperta 2: însemnări ilizibile; p. 68: [...] Janos; p. 171: [...] Iuon Nota; coperta 3: Samuel Fufozan. Observaţii: coperta 3, ştampilă cu textul: Anticariat Sibiu 1250; anexat un bilet din care reiese că în lipsa foii de titlu, cartea a fost identificată pe baza unui exemplar existent la Biblioteca Academiei Române, nr. 463.</subfield>
    </datafield>
    <datafield tag="650" ind1=" " ind2=" ">
      <subfield code="a">carte românească veche</subfield>
    </datafield>
    <datafield tag="650" ind1=" " ind2=" ">
      <subfield code="a">lingvistică</subfield>
    </datafield>
    <datafield tag="995" ind1=" " ind2=" ">
      <subfield code="a">Colecţii Speciale - BRV</subfield>
      <subfield code="D">0.01</subfield>
      <subfield code="e">BRV375</subfield>
      <subfield code="F">Sediul_Central_A</subfield>
      <subfield code="j">463 BRV</subfield>
      <subfield code="U">Available</subfield>
      <subfield code="W">Feb 21, 2020</subfield>
      <subfield code="y">BRV375</subfield>
      <subfield code="Z">Împrumut la Sala</subfield>
    </datafield>
  </record>