
  <record>
    <leader>00000nam a2200000 a 4500</leader>
    <controlfield tag="008">200221s1784####|||||||||||||||||#||####u</controlfield>
    <datafield tag="050" ind1=" " ind2=" ">
      <subfield code="a">094.1(498); 339.14(498.4):560(0.026.6)</subfield>
    </datafield>
    <datafield tag="245" ind1="0" ind2="0">
      <subfield code="a">În numele a tot puternicului: pricina, pentru care sau făcut această scrisoare, să cuprinde îmtru aceasta Prefacerea Sinedului a Înpărăţiei Turceşti, pentru slobozenia cea mai de demult a neguţătoriei supuşilor creştini, şi înpărăteşti în Țara Turcească.</subfield>
      <subfield code="h">[Carte tipărită]</subfield>
    </datafield>
    <datafield tag="260" ind1=" " ind2=" ">
      <subfield code="a">Blaj</subfield>
      <subfield code="b">Tipariul Seminariului</subfield>
      <subfield code="c">1784</subfield>
    </datafield>
    <datafield tag="300" ind1=" " ind2=" ">
      <subfield code="a">[2] f. ; 36 cm</subfield>
    </datafield>
    <datafield tag="500" ind1=" " ind2=" ">
      <subfield code="a">Legătura: se află în folie de protecție. Însemnări: fila 1 r: 1784; fila 2 v: [...] C40 1808.</subfield>
    </datafield>
    <datafield tag="650" ind1=" " ind2=" ">
      <subfield code="a">foaie volantă</subfield>
    </datafield>
    <datafield tag="650" ind1=" " ind2=" ">
      <subfield code="a">carte românească veche</subfield>
    </datafield>
    <datafield tag="650" ind1=" " ind2=" ">
      <subfield code="a">relaţii comerciale</subfield>
    </datafield>
    <datafield tag="995" ind1=" " ind2=" ">
      <subfield code="a">Colecţii Speciale - BRV</subfield>
      <subfield code="D">0.01</subfield>
      <subfield code="e">BRV530</subfield>
      <subfield code="F">Sediul_Central_A</subfield>
      <subfield code="j">185 IV BRV</subfield>
      <subfield code="U">Available</subfield>
      <subfield code="W">Feb 21, 2020</subfield>
      <subfield code="y">BRV530</subfield>
      <subfield code="Z">Împrumut la Sala</subfield>
    </datafield>
  </record>