
  <record>
    <leader>00000nam a2200000 a 4500</leader>
    <controlfield tag="008">200221s1681####|||||||||||||||||#||####u</controlfield>
    <datafield tag="050" ind1=" " ind2=" ">
      <subfield code="a">094.1(430); 252.7</subfield>
    </datafield>
    <datafield tag="100" ind1=" " ind2=" ">
      <subfield code="a">Florentio, P. D.</subfield>
    </datafield>
    <datafield tag="245" ind1="1" ind2="0">
      <subfield code="a">Todten = Gerust das ist: Wolgegrundte Ihren = Redachtnuss / Hochdelicher Cavalliern / Herren und Frauen / Deren Hoch = Abeliches Herkommen / Christlobl. Thaten und seel. tod in unterschiedlichen Leich = Predigten mit angenehmen Berfassungen der Welt zum Jugend=Spiegel vorge stellet worden. Mit beygefugten Lob der Elen franken / und Edel affern / Auch vier festaglichen Ehren=Predigten...</subfield>
      <subfield code="c">P. D. Florentio</subfield>
      <subfield code="h">[Carte tipărită]</subfield>
    </datafield>
    <datafield tag="260" ind1=" " ind2=" ">
      <subfield code="a">Sulssbach</subfield>
      <subfield code="b">In Verlegund Hoffmanns / Kunst=und Buch=Handlers in Nurnberg</subfield>
      <subfield code="c">1681</subfield>
    </datafield>
    <datafield tag="300" ind1=" " ind2=" ">
      <subfield code="a">[3] f.; 518 p.; il. ; 18 cm</subfield>
    </datafield>
    <datafield tag="500" ind1=" " ind2=" ">
      <subfield code="a">Legătura: coperți din lemn legate în piele.</subfield>
    </datafield>
    <datafield tag="650" ind1=" " ind2=" ">
      <subfield code="a">predici religioase</subfield>
    </datafield>
    <datafield tag="650" ind1=" " ind2=" ">
      <subfield code="a">carte străină veche</subfield>
    </datafield>
    <datafield tag="650" ind1=" " ind2=" ">
      <subfield code="a">teologie</subfield>
    </datafield>
    <datafield tag="995" ind1=" " ind2=" ">
      <subfield code="a">Colecţii Speciale - CS</subfield>
      <subfield code="D">0.01</subfield>
      <subfield code="e">CS4304</subfield>
      <subfield code="F">Sediul_Central_A</subfield>
      <subfield code="j">1545 CSV</subfield>
      <subfield code="U">Available</subfield>
      <subfield code="W">Feb 21, 2020</subfield>
      <subfield code="y">CS4304</subfield>
      <subfield code="Z">Împrumut la Sala</subfield>
    </datafield>
  </record>