
  <record>
    <leader>00000nam a2200000 a 4500</leader>
    <controlfield tag="008">200221s1676####|||||||||||||||||#||####u</controlfield>
    <datafield tag="050" ind1=" " ind2=" ">
      <subfield code="a">094.1(430); 232.931</subfield>
    </datafield>
    <datafield tag="100" ind1=" " ind2=" ">
      <subfield code="a">Florentium, R. P. Don</subfield>
    </datafield>
    <datafield tag="245" ind1="1" ind2="0">
      <subfield code="a">Geschichte Ihren = Porten Mariae das ist laft Sinnreiche Lob=Predigen auff alle Fest = Tag Mariae, Die auch andere geheimnussen / als Scapulier / Portiuncula / Rosenkranz und Kirchsvenbung. Beygeferzet Die Erwartung ber Jungfrawlechen Geburt uber die siben grossere Antiphonen im Advent O weikheit / O Adonai / O Wurkel Jese / k. Welches Werk vor disem heraussgegeben / durch R. P. Don Florentium Schilling...</subfield>
      <subfield code="c">R. P. Don Florentium</subfield>
      <subfield code="h">[Carte tipărită]</subfield>
    </datafield>
    <datafield tag="260" ind1=" " ind2=" ">
      <subfield code="a">Munchen</subfield>
      <subfield code="b">Gedruckt verlegt / durch Johann Jacklin / Schurfurftl. Hof-Buechtrukern / und Buechhandlern</subfield>
      <subfield code="c">1676</subfield>
    </datafield>
    <datafield tag="300" ind1=" " ind2=" ">
      <subfield code="a">[4] f.; 314 p.; 940 f.; il. ; 19 cm</subfield>
    </datafield>
    <datafield tag="500" ind1=" " ind2=" ">
      <subfield code="a">Legătura: coperți din lemn legate în piele. Însemnări: [...] Conv. Cibiniensi.</subfield>
    </datafield>
    <datafield tag="650" ind1=" " ind2=" ">
      <subfield code="a">teologie</subfield>
    </datafield>
    <datafield tag="650" ind1=" " ind2=" ">
      <subfield code="a">carte străină veche</subfield>
    </datafield>
    <datafield tag="650" ind1=" " ind2=" ">
      <subfield code="a">cristologie</subfield>
    </datafield>
    <datafield tag="650" ind1=" " ind2=" ">
      <subfield code="a">Venerarea Mariei</subfield>
    </datafield>
    <datafield tag="995" ind1=" " ind2=" ">
      <subfield code="a">Colecţii Speciale - CS</subfield>
      <subfield code="D">0.01</subfield>
      <subfield code="e">CS1712</subfield>
      <subfield code="F">Sediul_Central_A</subfield>
      <subfield code="j">1544 SIII</subfield>
      <subfield code="U">Available</subfield>
      <subfield code="W">Feb 21, 2020</subfield>
      <subfield code="y">CS1712</subfield>
      <subfield code="Z">Împrumut la Sala</subfield>
    </datafield>
  </record>