
  <record>
    <leader>00000nam a2200000 a 4500</leader>
    <controlfield tag="008">200221s1598####|||||||||||||||||#||####u</controlfield>
    <datafield tag="050" ind1=" " ind2=" ">
      <subfield code="a">1; 094.1(430)</subfield>
    </datafield>
    <datafield tag="100" ind1=" " ind2=" ">
      <subfield code="a">Goclenius, Rodolphus (Göckel, Rudolf)</subfield>
    </datafield>
    <datafield tag="245" ind1="1" ind2="0">
      <subfield code="a">Problematum Logicorum Rodolphi Goclenii Professoris Academici in Schola Marpurgensi Pars V. De Ordine &amp; Methodo Didascalica. Quibus praefixa est hujus doctrianae Synopsis</subfield>
      <subfield code="c">Rodolphi Goclenii Corbachiensis, Logicae in Academia Marpurgensi Professoris</subfield>
      <subfield code="h">[Carte tipărită]</subfield>
    </datafield>
    <datafield tag="260" ind1=" " ind2=" ">
      <subfield code="a">Marpurgi [Marburg]</subfield>
      <subfield code="b">Typis Pauli Egenolphi</subfield>
      <subfield code="c">1598</subfield>
    </datafield>
    <datafield tag="300" ind1=" " ind2=" ">
      <subfield code="a">198 p. ; 17 cm</subfield>
    </datafield>
    <datafield tag="500" ind1=" " ind2=" ">
      <subfield code="a">Greșeli de paginație: p. 52 e numerotată 25. Legătura: coperți de lemn învelite în piele; păstrează urme de cheotori; stare de conservare bună. Însemnări: cop. 2.: text ilizibil; pe pagina de gardă: „Memento mori et in aeternum non precabis; Vix mundi nouus hospes eram, vitaeque volantis; A[...]  tenero lumina dura pede; Summa rei revereni (?) Deum praeceptaque Serva;  pe verso-ul paginii de gardă: Iosephus Ecsedy in Illustri [...] Regio [...] Albensi; Da Deus no possim fieri bonus atqui beatus; [...] dederis munere nemo habit; pe pagina de titlu: „Petrus Ecsedi” și alte semnături ilizibile; pe verso-ul paginii de titlu: „[...] A 1647 [...] virtuti, nec non singularis purtatis (?) temmate splendide [...] vir Dominus Michael S. Szesstpeteri olim Praeceptor observandissimus. Stephano R. Szombatino in aeternum sui nominis memoriam cum is in Schola [...]; pe pag. 3: Residentiae Cibiniensis [...] 1770; pe cop. 3: „ [...]  Quam [...] praessantia munera mentis; res finire et dimisere(?), et cognoscere causas; Felix qui potuit rerum cognoscere causas. [...] qui posuit res [...] [...]; Et Deus est, qui res (pos?) [...]; note marginale. Observații: pe recto-ul paginii de titlu - ștampilă ovală cu textul: „Biblioteca Astra Sibiu”.</subfield>
    </datafield>
    <datafield tag="650" ind1=" " ind2=" ">
      <subfield code="a">filosofie</subfield>
    </datafield>
    <datafield tag="650" ind1=" " ind2=" ">
      <subfield code="a">Logica</subfield>
    </datafield>
    <datafield tag="650" ind1=" " ind2=" ">
      <subfield code="a">carte veche străină</subfield>
    </datafield>
    <datafield tag="995" ind1=" " ind2=" ">
      <subfield code="a">Colecţii Speciale - CS</subfield>
      <subfield code="D">0.01</subfield>
      <subfield code="e">CS0048</subfield>
      <subfield code="F">Sediul_Central_A</subfield>
      <subfield code="j">890 S1</subfield>
      <subfield code="U">Available</subfield>
      <subfield code="W">Feb 21, 2020</subfield>
      <subfield code="y">CS0048</subfield>
      <subfield code="Z">Împrumut la Sala</subfield>
    </datafield>
  </record>