
  <record>
    <leader>00000nam a2200000 a 4500</leader>
    <controlfield tag="008">200220s1789####|||||||||||||||||#||####u</controlfield>
    <datafield tag="050" ind1=" " ind2=" ">
      <subfield code="a">094.1(430); 94(4)"375/1492"</subfield>
    </datafield>
    <datafield tag="100" ind1=" " ind2=" ">
      <subfield code="a">Varillas, Antoine</subfield>
    </datafield>
    <datafield tag="245" ind1="1" ind2="0">
      <subfield code="a">Anhang Der Continuirten Einleitung zu der Historie des vornehmsten Reiche und Staaten von Europa, Einem Neuen Franzosischen Scribenten Antoine Varillas Entgegen gesekt durch Smuel Pufendorf</subfield>
      <subfield code="c">Antoine Varillas</subfield>
      <subfield code="h">[Carte tipărită]</subfield>
    </datafield>
    <datafield tag="260" ind1=" " ind2=" ">
      <subfield code="a">Frankfurt am Main</subfield>
      <subfield code="b">Verlegts Friderich Knoch</subfield>
      <subfield code="c">1789</subfield>
    </datafield>
    <datafield tag="300" ind1=" " ind2=" ">
      <subfield code="a">62 p.; 18 cm</subfield>
    </datafield>
    <datafield tag="500" ind1=" " ind2=" ">
      <subfield code="a">Legătura: coperți din lemn legate în piele.</subfield>
    </datafield>
    <datafield tag="650" ind1=" " ind2=" ">
      <subfield code="a">carte străină veche</subfield>
    </datafield>
    <datafield tag="650" ind1=" " ind2=" ">
      <subfield code="a">istorie</subfield>
    </datafield>
    <datafield tag="650" ind1=" " ind2=" ">
      <subfield code="a">istoria Europei</subfield>
    </datafield>
    <datafield tag="995" ind1=" " ind2=" ">
      <subfield code="a">Colecţii Speciale - CS</subfield>
      <subfield code="D">0.01</subfield>
      <subfield code="e">CS0550</subfield>
      <subfield code="F">Sediul_Central_A</subfield>
      <subfield code="j">1540 CSV</subfield>
      <subfield code="U">Available</subfield>
      <subfield code="W">Feb 20, 2020</subfield>
      <subfield code="y">CS0550</subfield>
      <subfield code="Z">Împrumut la Sala</subfield>
    </datafield>
  </record>