
  <record>
    <leader>00000nam a2200000 a 4500</leader>
    <controlfield tag="008">200220s1586####|||||||||||||||||#||####u</controlfield>
    <datafield tag="050" ind1=" " ind2=" ">
      <subfield code="a">094.1(430); 94(4)"375/1492"</subfield>
    </datafield>
    <datafield tag="100" ind1=" " ind2=" ">
      <subfield code="a">Pufendorff, Samuelis</subfield>
    </datafield>
    <datafield tag="245" ind1="1" ind2="0">
      <subfield code="a">Continuirte Einleitung zu der Historie der Dornehmsten Reiche und Staaten von Europa, Worinnen des Konigreichs Schweden Geschichte / und bessen mit auswertigen Cronen gefuhrte Kriege infonderheit beschrieben werden...</subfield>
      <subfield code="c">Samuelis Pufendorff</subfield>
      <subfield code="h">[Carte tipărită]</subfield>
    </datafield>
    <datafield tag="260" ind1=" " ind2=" ">
      <subfield code="a">Frankfurt am Main</subfield>
      <subfield code="b">Verlegts Friderich Knoch</subfield>
      <subfield code="c">1586</subfield>
    </datafield>
    <datafield tag="300" ind1=" " ind2=" ">
      <subfield code="a">[8] f.; 988 p.; [6] f. ; 18 cm</subfield>
    </datafield>
    <datafield tag="500" ind1=" " ind2=" ">
      <subfield code="a">Legătura: coperți din lemn legate în piele.  </subfield>
    </datafield>
    <datafield tag="650" ind1=" " ind2=" ">
      <subfield code="a">istoria Europei</subfield>
    </datafield>
    <datafield tag="650" ind1=" " ind2=" ">
      <subfield code="a">istorie</subfield>
    </datafield>
    <datafield tag="650" ind1=" " ind2=" ">
      <subfield code="a">carte străină veche</subfield>
    </datafield>
    <datafield tag="995" ind1=" " ind2=" ">
      <subfield code="a">Colecţii Speciale - CS</subfield>
      <subfield code="D">0.01</subfield>
      <subfield code="e">CS0549</subfield>
      <subfield code="F">Sediul_Central_A</subfield>
      <subfield code="j">1549 SII</subfield>
      <subfield code="U">Available</subfield>
      <subfield code="W">Feb 20, 2020</subfield>
      <subfield code="y">CS0549</subfield>
      <subfield code="Z">Împrumut la Sala</subfield>
    </datafield>
  </record>