
  <record>
    <leader>00000nam a2200000 a 4500</leader>
    <controlfield tag="008">200220s1584####|||||||||||||||||#||####u</controlfield>
    <datafield tag="050" ind1=" " ind2=" ">
      <subfield code="a">094.1(430); 94(4)"375/1492</subfield>
    </datafield>
    <datafield tag="100" ind1=" " ind2=" ">
      <subfield code="a">Pufendorff, Samuelis</subfield>
    </datafield>
    <datafield tag="245" ind1="1" ind2="0">
      <subfield code="a">Einleitung zu der Historie der Vornehmsten Reiche und Staaten so issiger Zeit in Europa sich besinden; zum andernmal gedruckt und verbessert; Mit Chur-Sustl. Sachs. gnadigsi. Privilegio...</subfield>
      <subfield code="c">Samuelis Pufendorff</subfield>
      <subfield code="h">[Carte tipărită]</subfield>
    </datafield>
    <datafield tag="260" ind1=" " ind2=" ">
      <subfield code="a">Frankfurt am Main</subfield>
      <subfield code="b">Verlegung Friedrich Knochens</subfield>
      <subfield code="c">1584</subfield>
    </datafield>
    <datafield tag="300" ind1=" " ind2=" ">
      <subfield code="a">[12] f.; 895 p.; [4] f. ; il. ; 18 cm</subfield>
    </datafield>
    <datafield tag="500" ind1=" " ind2=" ">
      <subfield code="a">Legătura: coperți din lemn legate în piele. Însemnări: fila de titlu: Conventus Cibiniensis; Michael Kesler A 1718 Juv. Sen. Cit.</subfield>
    </datafield>
    <datafield tag="650" ind1=" " ind2=" ">
      <subfield code="a">istoria Europei</subfield>
    </datafield>
    <datafield tag="650" ind1=" " ind2=" ">
      <subfield code="a">istorie</subfield>
    </datafield>
    <datafield tag="650" ind1=" " ind2=" ">
      <subfield code="a">carte străină veche</subfield>
    </datafield>
    <datafield tag="995" ind1=" " ind2=" ">
      <subfield code="a">Colecţii Speciale - CS</subfield>
      <subfield code="D">0.01</subfield>
      <subfield code="e">CS0548</subfield>
      <subfield code="F">Sediul_Central_A</subfield>
      <subfield code="j">1538 SII</subfield>
      <subfield code="U">Available</subfield>
      <subfield code="W">Feb 20, 2020</subfield>
      <subfield code="y">CS0548</subfield>
      <subfield code="Z">Împrumut la Sala</subfield>
    </datafield>
  </record>