
  <record>
    <leader>00000nam a2200000 a 4500</leader>
    <controlfield tag="008">200220s1691####|||||||||||||||||#||####u</controlfield>
    <datafield tag="050" ind1=" " ind2=" ">
      <subfield code="a">091.4(430); 22.07</subfield>
    </datafield>
    <datafield tag="100" ind1=" " ind2=" ">
      <subfield code="a">Ernesti, Joannis</subfield>
    </datafield>
    <datafield tag="245" ind1="1" ind2="0">
      <subfield code="a">Quaestiones Theologicae in secundam secundae Divi Thomae De Jure, &amp; Justitia, sub auspiciis Celsissimi, et Reverendissimi S. R. I. Principis, ac Domini, Domini Joannis Ernesti, Archi-Episcopi Salisburgensis, S. Sedis Apostolicae Legati nati, Germaniae Primatis, &amp;c. In Alma, ac celeberrima Universitate Graecensi, Anno M. DC. XCL...</subfield>
      <subfield code="c">Joannis Ernesti</subfield>
      <subfield code="h">[Carte tipărită]</subfield>
    </datafield>
    <datafield tag="260" ind1=" " ind2=" ">
      <subfield code="a">Graecii</subfield>
      <subfield code="b">Haeredes Widmanstadij</subfield>
      <subfield code="c">1691</subfield>
    </datafield>
    <datafield tag="300" ind1=" " ind2=" ">
      <subfield code="a">[4] f.; 333 p.; [30] p. ; il. ; 12 cm</subfield>
    </datafield>
    <datafield tag="500" ind1=" " ind2=" ">
      <subfield code="a">Legătura: coperți din lemn legate în piele. Însemnări: fila de titlu: Conventus Cibiniensis F. Min. [...] 1744</subfield>
    </datafield>
    <datafield tag="650" ind1=" " ind2=" ">
      <subfield code="a">exegeză biblică</subfield>
    </datafield>
    <datafield tag="650" ind1=" " ind2=" ">
      <subfield code="a">carte străină veche</subfield>
    </datafield>
    <datafield tag="650" ind1=" " ind2=" ">
      <subfield code="a">teologie</subfield>
    </datafield>
    <datafield tag="650" ind1=" " ind2=" ">
      <subfield code="a">Biblia</subfield>
    </datafield>
    <datafield tag="995" ind1=" " ind2=" ">
      <subfield code="a">Colecţii Speciale - CS</subfield>
      <subfield code="D">0.01</subfield>
      <subfield code="e">CS0435</subfield>
      <subfield code="F">Sediul_Central_A</subfield>
      <subfield code="j">1311 SIII</subfield>
      <subfield code="U">Available</subfield>
      <subfield code="W">Feb 20, 2020</subfield>
      <subfield code="y">CS0435</subfield>
      <subfield code="Z">Împrumut la Sala</subfield>
    </datafield>
  </record>