
  <record>
    <leader>00000nam a2200000 a 4500</leader>
    <controlfield tag="008">200220s1674####|||||||||||||||||#||####u</controlfield>
    <datafield tag="050" ind1=" " ind2=" ">
      <subfield code="a">094.1(112); 264-15</subfield>
    </datafield>
    <datafield tag="245" ind1="0" ind2="0">
      <subfield code="a">Psalterium Davidis ordine continuum; Sed ad Singulas Horas adjectis Canticis &amp; Hymnis recentioribus per hebdomadam dispositium, et ad commodiorem usum Commune snactorum additum, hoc majori typo excusum</subfield>
      <subfield code="h">[Carte tipărită]</subfield>
    </datafield>
    <datafield tag="260" ind1=" " ind2=" ">
      <subfield code="a">Coloniae Agrippinae</subfield>
      <subfield code="b">Wilhelmum Friessem, sub signo S. Gabrielis Archangeli, in platea vulgo Franckgass</subfield>
      <subfield code="c">1674</subfield>
    </datafield>
    <datafield tag="300" ind1=" " ind2=" ">
      <subfield code="a">[5] f.; 336 p. ; 16 cm</subfield>
    </datafield>
    <datafield tag="500" ind1=" " ind2=" ">
      <subfield code="a">Legătura: coperți din lemn legate în piele. Însemnări: coperta 2: [...] 45 + 1686 in mi[...]; fila de gardă: Resid. Cibiniensis 1721; fila de titlu v: Residentie Cibiniensis FF: Min: d. Franc. [...]</subfield>
    </datafield>
    <datafield tag="650" ind1=" " ind2=" ">
      <subfield code="a">psaltire</subfield>
    </datafield>
    <datafield tag="650" ind1=" " ind2=" ">
      <subfield code="a">cărţi liturgice</subfield>
    </datafield>
    <datafield tag="650" ind1=" " ind2=" ">
      <subfield code="a">teologie</subfield>
    </datafield>
    <datafield tag="650" ind1=" " ind2=" ">
      <subfield code="a">carte străină veche</subfield>
    </datafield>
    <datafield tag="995" ind1=" " ind2=" ">
      <subfield code="a">Colecţii Speciale - CS</subfield>
      <subfield code="D">0.01</subfield>
      <subfield code="e">CS0389</subfield>
      <subfield code="F">Sediul_Central_A</subfield>
      <subfield code="j">1270 SII</subfield>
      <subfield code="U">Available</subfield>
      <subfield code="W">Feb 20, 2020</subfield>
      <subfield code="y">CS0389</subfield>
      <subfield code="Z">Împrumut la Sala</subfield>
    </datafield>
  </record>