
  <record>
    <leader>00000nam a2200000 a 4500</leader>
    <controlfield tag="008">200220s1666####|||||||||||||||||#||####u</controlfield>
    <datafield tag="050" ind1=" " ind2=" ">
      <subfield code="a">094.1(498); 94(498.4)</subfield>
    </datafield>
    <datafield tag="100" ind1=" " ind2=" ">
      <subfield code="a">Troster, Johannes</subfield>
    </datafield>
    <datafield tag="245" ind1="1" ind2="0">
      <subfield code="a">Das Alt und Neue Teutsche Dacia Das ist Neue Beschreibung des Landes Siebenburgen / Darinnen bessen Alter / und jessiger Einwohner / wahres herkoffien / Religion / Sprachen / Schrifften / Kleider...</subfield>
      <subfield code="c">Johannes Troster</subfield>
      <subfield code="h">[Carte tipărită]</subfield>
    </datafield>
    <datafield tag="260" ind1=" " ind2=" ">
      <subfield code="a">Nurnberg</subfield>
      <subfield code="b">Gedruckt bey Christoph Gerhard</subfield>
      <subfield code="c">1666</subfield>
    </datafield>
    <datafield tag="300" ind1=" " ind2=" ">
      <subfield code="a">[15] f.; 480 p.; [6] f. ; 12 cm</subfield>
    </datafield>
    <datafield tag="500" ind1=" " ind2=" ">
      <subfield code="a">Legătura: coperți din lemn legate în piele. Însemnări: coperta 3: Stybor [...] 1401 [...] Sigismundi Waida in Siebenburgen [...] Bibliotek 10 band pag. 168 sq</subfield>
    </datafield>
    <datafield tag="650" ind1=" " ind2=" ">
      <subfield code="a">Transilvanice</subfield>
    </datafield>
    <datafield tag="650" ind1=" " ind2=" ">
      <subfield code="a">istorie</subfield>
    </datafield>
    <datafield tag="650" ind1=" " ind2=" ">
      <subfield code="a">istoria Transilvaniei</subfield>
    </datafield>
    <datafield tag="995" ind1=" " ind2=" ">
      <subfield code="a">Colecţii Speciale - Transilvanice</subfield>
      <subfield code="D">0.01</subfield>
      <subfield code="e">T00237</subfield>
      <subfield code="F">Sediul_Central_A</subfield>
      <subfield code="j">523 T1</subfield>
      <subfield code="U">Available</subfield>
      <subfield code="W">Feb 20, 2020</subfield>
      <subfield code="y">T00237</subfield>
      <subfield code="Z">Împrumut la Sala</subfield>
    </datafield>
  </record>