
  <record>
    <leader>00000nam a2200000 a 4500</leader>
    <controlfield tag="008">200220s1666####|||||||||||||||||#||####u</controlfield>
    <datafield tag="050" ind1=" " ind2=" ">
      <subfield code="a">094.1(498); 94(498.4)</subfield>
    </datafield>
    <datafield tag="100" ind1=" " ind2=" ">
      <subfield code="a">Betlen Gabor</subfield>
    </datafield>
    <datafield tag="245" ind1="1" ind2="0">
      <subfield code="a">Das Bedrangte Dacia. Das ist: Siebenburgische Geschichte / So sich vom Tode des Durchlauch tigsten Fursten und Hernn Betlen Gabor, (1629) bis auf ben jetzt Regierenden fursten; ben Durchlauchtigsten fursten und hernn Michael Apafi, &amp;c. &amp;c. (1663) barinnen zugerragen haben...</subfield>
      <subfield code="c">Betlen Gabor</subfield>
      <subfield code="h">[Carte tipărită]</subfield>
    </datafield>
    <datafield tag="260" ind1=" " ind2=" ">
      <subfield code="a">Nurnberg</subfield>
      <subfield code="b">Gedruckt bey Christoph Gerhard</subfield>
      <subfield code="c">1666</subfield>
    </datafield>
    <datafield tag="300" ind1=" " ind2=" ">
      <subfield code="a">[11] f.; 506 p.; [5] f. ; 13 cm</subfield>
    </datafield>
    <datafield tag="500" ind1=" " ind2=" ">
      <subfield code="a">Legătura: coperți din lemn legate în piele. Însemnări: fila de gardă: G. Barițiu. Observații: fila de gardă: ștampilă dreptunghiulară cu textul: Biblioteca Astrei (Asociațiunea pentru lit. rom. și cultura poporului român). Centrala Sibiu; fila de gardă, ștampilă ovală cu textul: Biblioteca Asociat. Trane Rom. P. Cult. si Lit. Pop. Rom.</subfield>
    </datafield>
    <datafield tag="650" ind1=" " ind2=" ">
      <subfield code="a">istoria Transilvaniei</subfield>
    </datafield>
    <datafield tag="650" ind1=" " ind2=" ">
      <subfield code="a">Transilvanice</subfield>
    </datafield>
    <datafield tag="650" ind1=" " ind2=" ">
      <subfield code="a">istorie</subfield>
    </datafield>
    <datafield tag="995" ind1=" " ind2=" ">
      <subfield code="a">Colecţii Speciale - Transilvanice</subfield>
      <subfield code="D">0.01</subfield>
      <subfield code="e">T00236</subfield>
      <subfield code="F">Sediul_Central_A</subfield>
      <subfield code="j">522 T1</subfield>
      <subfield code="U">Available</subfield>
      <subfield code="W">Feb 20, 2020</subfield>
      <subfield code="y">T00236</subfield>
      <subfield code="Z">Împrumut la Sala</subfield>
    </datafield>
  </record>