
  <record>
    <leader>00000nam a2200000 a 4500</leader>
    <controlfield tag="008">200220s1698####|||||||||||||||||#||####u</controlfield>
    <datafield tag="050" ind1=" " ind2=" ">
      <subfield code="a">094.1(112); 241.618</subfield>
    </datafield>
    <datafield tag="245" ind1="0" ind2="0">
      <subfield code="a">Simonia juxta Principia SS. Theologiae, &amp; SS. Canonum, nec non Novissima Summorum Pontificum Alexandri VII &amp; Innocentii XI propositiones damnantium decreta. Examinata &amp; Disputationi publicae in Conventu Frisingensi exposita...</subfield>
      <subfield code="c">Editor Sigismundo Neudeckher</subfield>
      <subfield code="h">[Carte tipărită]</subfield>
    </datafield>
    <datafield tag="260" ind1=" " ind2=" ">
      <subfield code="a">Monachii</subfield>
      <subfield code="b">Typis Mariae Magdalenae Rauchin</subfield>
      <subfield code="c">1698</subfield>
    </datafield>
    <datafield tag="300" ind1=" " ind2=" ">
      <subfield code="a">[8] f.; 228 p. ; 15 cm</subfield>
    </datafield>
    <datafield tag="500" ind1=" " ind2=" ">
      <subfield code="a">Legătura: lipsesc coperțile, se află în folie de protecție. Însemnări: fila de titlu: no 2700; 210</subfield>
    </datafield>
    <datafield tag="650" ind1=" " ind2=" ">
      <subfield code="a">teologie</subfield>
    </datafield>
    <datafield tag="650" ind1=" " ind2=" ">
      <subfield code="a">carte străină veche</subfield>
    </datafield>
    <datafield tag="650" ind1=" " ind2=" ">
      <subfield code="a">simonie</subfield>
    </datafield>
    <datafield tag="650" ind1=" " ind2=" ">
      <subfield code="a">decalogul</subfield>
    </datafield>
    <datafield tag="995" ind1=" " ind2=" ">
      <subfield code="a">Colecţii Speciale - CS</subfield>
      <subfield code="D">0.01</subfield>
      <subfield code="e">CS0438</subfield>
      <subfield code="F">Sediul_Central_A</subfield>
      <subfield code="j">1310 SIII</subfield>
      <subfield code="U">Available</subfield>
      <subfield code="W">Feb 20, 2020</subfield>
      <subfield code="y">CS0438</subfield>
      <subfield code="Z">Împrumut la Sala</subfield>
    </datafield>
  </record>