
  <record>
    <leader>00000nam a2200000 a 4500</leader>
    <controlfield tag="008">200220s1629####|||||||||||||||||#||####u</controlfield>
    <datafield tag="050" ind1=" " ind2=" ">
      <subfield code="a">94.1(112); 94(4)"375/1492"; 327"15"; 094.1(430)</subfield>
    </datafield>
    <datafield tag="100" ind1=" " ind2=" ">
      <subfield code="a">Busbequius, Augerius Gislenius (Busbecq, Ogier Ghiselin de)</subfield>
    </datafield>
    <datafield tag="245" ind1="1" ind2="0">
      <subfield code="a">Augerii Gislenii Busbequii D. Legationes Turcicae Epistolae IV. Quarum priores duae ante aliquot annos in lucem prodierunt sub nomine itinerum Constantinopolitani &amp; Amasiani. Adiactae sunt duae alterae Ejusdem de re militari contra Turcam instituenda consilium. Accedit [Sol]imani Turcarum Imper. Lega[tio] ad Ferdinandum Rom. Caes. anno M.D.LXII. Francofurtum missam; cuius apud Busbequium mentio. Cum indice omnium locupletissimo. Hanoviae, Sumptibus Clementis Schleichii &amp; viduae Danielis Aubrii. M.DC.XXIX</subfield>
      <subfield code="c">Augerius Gislenius Busbequius; editor: Clementis Schleich</subfield>
      <subfield code="h">[Carte tipărită]</subfield>
    </datafield>
    <datafield tag="260" ind1=" " ind2=" ">
      <subfield code="a">Hanoviae [Hanau]</subfield>
      <subfield code="b">[S.n.]</subfield>
      <subfield code="c">1629</subfield>
    </datafield>
    <datafield tag="300" ind1=" " ind2=" ">
      <subfield code="a">349 p., [16] p. ; 17 cm</subfield>
    </datafield>
    <datafield tag="500" ind1=" " ind2=" ">
      <subfield code="a">Legătura: coperți din carton legate în piele. Însemnări: fila de titlu: „2715”; „Cont. Cibins. 728”; „De Sylva”</subfield>
    </datafield>
    <datafield tag="650" ind1=" " ind2=" ">
      <subfield code="a">relaţii politice internaţionale</subfield>
    </datafield>
    <datafield tag="650" ind1=" " ind2=" ">
      <subfield code="a">carte străină veche</subfield>
    </datafield>
    <datafield tag="650" ind1=" " ind2=" ">
      <subfield code="a">Imperiul Otoman</subfield>
    </datafield>
    <datafield tag="650" ind1=" " ind2=" ">
      <subfield code="a">istorie</subfield>
    </datafield>
    <datafield tag="650" ind1=" " ind2=" ">
      <subfield code="a">evul mediu european</subfield>
    </datafield>
    <datafield tag="856" ind1=" " ind2=" ">
      <subfield code="u">http://www.dspace.bjastrasibiu.ro/bitstream/123456789/10637/1/BJA_CS_000393_CSV_0001-0374.pdf</subfield>
    </datafield>
    <datafield tag="995" ind1=" " ind2=" ">
      <subfield code="a">Colecţii Speciale - CS</subfield>
      <subfield code="D">0.01</subfield>
      <subfield code="e">CS0393</subfield>
      <subfield code="F">Sediul_Central_A</subfield>
      <subfield code="j">1273 SII</subfield>
      <subfield code="U">Available</subfield>
      <subfield code="W">Feb 20, 2020</subfield>
      <subfield code="y">CS0393</subfield>
      <subfield code="Z">Împrumut la Sala</subfield>
    </datafield>
  </record>