
  <record>
    <leader>00000nam a2200000 a 4500</leader>
    <controlfield tag="008">200220s1687####|||||||||||||||||#||####u</controlfield>
    <datafield tag="050" ind1=" " ind2=" ">
      <subfield code="a">094.1(112); 233.5</subfield>
    </datafield>
    <datafield tag="100" ind1=" " ind2=" ">
      <subfield code="a">Duns-Scoti, Joannis</subfield>
    </datafield>
    <datafield tag="245" ind1="1" ind2="0">
      <subfield code="a">Quaesita Theologico-Speculativa de Homine In Statu naturae purae, integrae, ac lapsae considerato Ad mentem Doct. Subtilis Joannis Duns Scoti Efformata ac Sub Comitiis Provincialibus in Conventu Augustano FF. Minorum Recollectorum Antiquissimae Argentinensis Provinciae ad Festum Pentecostes celebrandis publicae Disputationi exposita praeside F. Roderico Schnabl...</subfield>
      <subfield code="c">Joannis Duns Scoti</subfield>
      <subfield code="h">[Carte tipărită]</subfield>
    </datafield>
    <datafield tag="260" ind1=" " ind2=" ">
      <subfield code="a">Salisburgi</subfield>
      <subfield code="b">Typis Joannis Baptistae Mayr</subfield>
      <subfield code="c">1687</subfield>
    </datafield>
    <datafield tag="300" ind1=" " ind2=" ">
      <subfield code="a">[2] f.; 82 p.; [2] f. ; 16 cm</subfield>
    </datafield>
    <datafield tag="500" ind1=" " ind2=" ">
      <subfield code="a">Legătura: coperți din carton recent marmorat. Însemnări: coperta 2: P. Benitus femes Provincia bavarica Alumnus.</subfield>
    </datafield>
    <datafield tag="650" ind1=" " ind2=" ">
      <subfield code="a">teologie</subfield>
    </datafield>
    <datafield tag="650" ind1=" " ind2=" ">
      <subfield code="a">carte străină veche</subfield>
    </datafield>
    <datafield tag="650" ind1=" " ind2=" ">
      <subfield code="a">natura omului</subfield>
    </datafield>
    <datafield tag="650" ind1=" " ind2=" ">
      <subfield code="a">umanitate</subfield>
    </datafield>
    <datafield tag="856" ind1=" " ind2=" ">
      <subfield code="u">http://www.dspace.bjastrasibiu.ro/bitstream/123456789/10588/1/BJA_CS_000391_CSV_0001-0096.pdf</subfield>
    </datafield>
    <datafield tag="995" ind1=" " ind2=" ">
      <subfield code="a">Colecţii Speciale - CS</subfield>
      <subfield code="D">0.01</subfield>
      <subfield code="e">CS0391</subfield>
      <subfield code="F">Sediul_Central_A</subfield>
      <subfield code="j">1272 CSV</subfield>
      <subfield code="U">Available</subfield>
      <subfield code="W">Feb 20, 2020</subfield>
      <subfield code="y">CS0391</subfield>
      <subfield code="Z">Împrumut la Sala</subfield>
    </datafield>
  </record>