
  <record>
    <leader>00000nam a2200000 a 4500</leader>
    <controlfield tag="008">200220s1686####|||||||||||||||||#||####u</controlfield>
    <datafield tag="050" ind1=" " ind2=" ">
      <subfield code="a">094.1(112); 260.114; 265.31/34</subfield>
    </datafield>
    <datafield tag="100" ind1=" " ind2=" ">
      <subfield code="a">Arsdekin, Ricardo</subfield>
    </datafield>
    <datafield tag="245" ind1="1" ind2="0">
      <subfield code="a">Appendix, sive Supplementum Theologiae tripartitae R. P. Arsdekin S. J. in quo uberiores materiae ac selectiores instructiones practicae hactenus nunquam additae continentur omnibus sacerdotibus, missionarijs ac curam animarum habentibus oppido utiles ac necessariae...</subfield>
      <subfield code="c">Ricardo Arsdekin; tipografi Joannis Weidenfeldt, Godefridi de Berges</subfield>
      <subfield code="h">[Carte tipărită]</subfield>
    </datafield>
    <datafield tag="260" ind1=" " ind2=" ">
      <subfield code="a">Coloniae Agrippinae</subfield>
      <subfield code="b">[S.n.]</subfield>
      <subfield code="c">1686</subfield>
    </datafield>
    <datafield tag="300" ind1=" " ind2=" ">
      <subfield code="a">120 p. ; 16 cm</subfield>
    </datafield>
    <datafield tag="500" ind1=" " ind2=" ">
      <subfield code="a">Legătura: coperți din carton legate în piele.</subfield>
    </datafield>
    <datafield tag="650" ind1=" " ind2=" ">
      <subfield code="a">catolicism</subfield>
    </datafield>
    <datafield tag="650" ind1=" " ind2=" ">
      <subfield code="a">doctrina catolică</subfield>
    </datafield>
    <datafield tag="650" ind1=" " ind2=" ">
      <subfield code="a">carte străină veche</subfield>
    </datafield>
    <datafield tag="650" ind1=" " ind2=" ">
      <subfield code="a">teologie</subfield>
    </datafield>
    <datafield tag="995" ind1=" " ind2=" ">
      <subfield code="a">Colecţii Speciale - CS</subfield>
      <subfield code="D">0.01</subfield>
      <subfield code="e">CS0388</subfield>
      <subfield code="F">Sediul_Central_A</subfield>
      <subfield code="j">1269 SII</subfield>
      <subfield code="U">Available</subfield>
      <subfield code="W">Feb 20, 2020</subfield>
      <subfield code="y">CS0388</subfield>
      <subfield code="Z">Împrumut la Sala</subfield>
    </datafield>
  </record>