
  <record>
    <leader>00000nam a2200000 a 4500</leader>
    <controlfield tag="008">200220s1686####|||||||||||||||||#||####u</controlfield>
    <datafield tag="050" ind1=" " ind2=" ">
      <subfield code="a">094.1(112); 260.114; 265.31/34</subfield>
    </datafield>
    <datafield tag="245" ind1="0" ind2="0">
      <subfield code="a">Apparatus Materiae et formae, Prodoctrina Sacra, in quasis dictione facili methodo paranda, et pro cathechesi cum exemplis illustranda cum Praxi varia assistendi aegris moribundis &amp; alias Functiones sacras rite obeundi, opera ejusdem authoris R. A. S. J. Pro Missionariis, &amp; Curatoribus animarum elaborata...</subfield>
      <subfield code="c">Tipografi: Joannis Weidenfeldt, Godefridi de Berges</subfield>
      <subfield code="h">[Carte tipărită]</subfield>
    </datafield>
    <datafield tag="260" ind1=" " ind2=" ">
      <subfield code="a">Coloniae Agrippinae</subfield>
      <subfield code="b">[S.n.]</subfield>
      <subfield code="c">1686</subfield>
    </datafield>
    <datafield tag="300" ind1=" " ind2=" ">
      <subfield code="a">236 p. ; 16 cm</subfield>
    </datafield>
    <datafield tag="500" ind1=" " ind2=" ">
      <subfield code="a">Legătura: coperți din carton legate în piele.</subfield>
    </datafield>
    <datafield tag="650" ind1=" " ind2=" ">
      <subfield code="a">carte străină veche</subfield>
    </datafield>
    <datafield tag="650" ind1=" " ind2=" ">
      <subfield code="a">teologie</subfield>
    </datafield>
    <datafield tag="650" ind1=" " ind2=" ">
      <subfield code="a">catolicism</subfield>
    </datafield>
    <datafield tag="650" ind1=" " ind2=" ">
      <subfield code="a">doctrina catolică</subfield>
    </datafield>
    <datafield tag="995" ind1=" " ind2=" ">
      <subfield code="a">Colecţii Speciale - CS</subfield>
      <subfield code="D">0.01</subfield>
      <subfield code="e">CS0387</subfield>
      <subfield code="F">Sediul_Central_A</subfield>
      <subfield code="j">1268 SII</subfield>
      <subfield code="U">Available</subfield>
      <subfield code="W">Feb 20, 2020</subfield>
      <subfield code="y">CS0387</subfield>
      <subfield code="Z">Împrumut la Sala</subfield>
    </datafield>
  </record>