
  <record>
    <leader>00000nam a2200000 a 4500</leader>
    <controlfield tag="008">200220s1687####|||||||||||||||||#||####u</controlfield>
    <datafield tag="050" ind1=" " ind2=" ">
      <subfield code="a">094.1(112); 260.114; 265.31/34</subfield>
    </datafield>
    <datafield tag="100" ind1=" " ind2=" ">
      <subfield code="a">Archdekin, Richardo</subfield>
    </datafield>
    <datafield tag="245" ind1="1" ind2="0">
      <subfield code="a">Theologia tripartita sive Resolutiones polemicae speculativae et practicae Controversiarum Fidei &amp; Quaestionum Theologicarum, Quae hodie per omnia usum praecipuum habent, tum ad convincendos expedita methodo Sectarios, tum Missionarios etiam, &amp; quosvis animarum Curatores scientia ministerio suo ubique necessaria instruendos accomodat &amp; accedit apparatus novus ad doctrinam sacram&lt; sive Conciones per singulas anni Dominicas &amp; Festa in quavis materia facile &amp; erudite proponendas...</subfield>
      <subfield code="c">Richardo Archdekin; tipografi Joannis Weidenfeldt, Godefridum de Berges</subfield>
      <subfield code="h">[Carte tipărită]</subfield>
    </datafield>
    <datafield tag="260" ind1=" " ind2=" ">
      <subfield code="a">Coloniae Agrippinae</subfield>
      <subfield code="b">[S.n.]</subfield>
      <subfield code="c">1687</subfield>
    </datafield>
    <datafield tag="300" ind1=" " ind2=" ">
      <subfield code="a">[16] f.; 606 p.; [13] f. ; 16 cm </subfield>
    </datafield>
    <datafield tag="500" ind1=" " ind2=" ">
      <subfield code="a">Legătura: coperți din carton legate în piele. Însemnări: fila de gardă: Coniaditur usus hujus libri  [...] La[...] Gall ab Adm R. P. Proali Na[...] Saloma 1788 die 178; fila de titlu: V. Conv. Cibin.</subfield>
    </datafield>
    <datafield tag="650" ind1=" " ind2=" ">
      <subfield code="a">doctrina catolică</subfield>
    </datafield>
    <datafield tag="650" ind1=" " ind2=" ">
      <subfield code="a">carte străină veche</subfield>
    </datafield>
    <datafield tag="650" ind1=" " ind2=" ">
      <subfield code="a">teologie</subfield>
    </datafield>
    <datafield tag="995" ind1=" " ind2=" ">
      <subfield code="a">Colecţii Speciale - CS</subfield>
      <subfield code="D">0.01</subfield>
      <subfield code="e">CS0386</subfield>
      <subfield code="F">Sediul_Central_A</subfield>
      <subfield code="j">SII 1267</subfield>
      <subfield code="U">Available</subfield>
      <subfield code="W">Feb 20, 2020</subfield>
      <subfield code="y">CS0386</subfield>
      <subfield code="Z">Împrumut la Sala</subfield>
    </datafield>
  </record>