
  <record>
    <leader>00000nam a2200000 a 4500</leader>
    <controlfield tag="001">BJSB452969</controlfield>
    <controlfield tag="008">200219s1756####|||||||||||||||||#||####u</controlfield>
    <datafield tag="050" ind1=" " ind2=" ">
      <subfield code="a">094.1(498); 234.9</subfield>
    </datafield>
    <datafield tag="100" ind1=" " ind2=" ">
      <subfield code="a">Csato, Alexius</subfield>
    </datafield>
    <datafield tag="245" ind1="1" ind2="0">
      <subfield code="a">Deus Discernens, seu Dissertationes Theologicae, Scholastico-Dogmaticae Gratia Omnium Praedestinatione Snactorum. Auctore A. R. F. Alexio Csato, Ord. Min. S. Franc. Strict. Observ. SS. Theologiae Lectore Generali, &amp; provinciae Transylv. iterato Ministro provinciali. auditoribus oblatae, dum Assertiones ex V. Libris-Decretalium D. P. Gregorii IX. Publice propugnaret Rel. Frat. Josephus Graff...</subfield>
      <subfield code="c">Alexio Csato; editor Josephus Graff</subfield>
      <subfield code="h">[Carte tipărită]</subfield>
    </datafield>
    <datafield tag="260" ind1=" " ind2=" ">
      <subfield code="a">Cluj</subfield>
      <subfield code="b">Typis Academicis Soc. Jesu</subfield>
      <subfield code="c">1756</subfield>
    </datafield>
    <datafield tag="300" ind1=" " ind2=" ">
      <subfield code="a">[15] f.; 396 p.; [5] p. ; 34 cm</subfield>
    </datafield>
    <datafield tag="500" ind1=" " ind2=" ">
      <subfield code="a">Legătura: coperți din carton legate în piele. Însemnări: fila de titlu: conv. Cibiniensi; Pro Transylvanis ord. Min. Strict. ab S. R. Stephani Anno 1749.</subfield>
    </datafield>
    <datafield tag="650" ind1=" " ind2=" ">
      <subfield code="a">doctrina catolică</subfield>
    </datafield>
    <datafield tag="650" ind1=" " ind2=" ">
      <subfield code="a">teologie</subfield>
    </datafield>
    <datafield tag="650" ind1=" " ind2=" ">
      <subfield code="a">predestinare și liber arbitru</subfield>
    </datafield>
    <datafield tag="650" ind1=" " ind2=" ">
      <subfield code="a">Transilvanice</subfield>
    </datafield>
    <datafield tag="995" ind1=" " ind2=" ">
      <subfield code="a">Colecţii Speciale - Transilvanice</subfield>
      <subfield code="D">0.01</subfield>
      <subfield code="e">T00098</subfield>
      <subfield code="F">Sediul_Central_A</subfield>
      <subfield code="j">285 T1</subfield>
      <subfield code="U">Available</subfield>
      <subfield code="W">Feb 19, 2020</subfield>
      <subfield code="y">T00098</subfield>
      <subfield code="Z">Împrumut la Sala</subfield>
    </datafield>
  </record>