
  <record>
    <leader>00000nam a2200000 a 4500</leader>
    <controlfield tag="001">BJSB452964</controlfield>
    <controlfield tag="008">200219s1749####|||||||||||||||||#||####u</controlfield>
    <datafield tag="050" ind1=" " ind2=" ">
      <subfield code="a">094.1(498); 260.114</subfield>
    </datafield>
    <datafield tag="100" ind1=" " ind2=" ">
      <subfield code="a">Padua, Antonii von</subfield>
    </datafield>
    <datafield tag="245" ind1="1" ind2="0">
      <subfield code="a">Ausserlesenes Kleinod Der Bruderschaft des gross wunder=thatigen Heiligen Antonii von Padua / Das ist: Reguln / Ablassen / Leben / und kurze Erklarung des Responsorii. Reben Tagzeiten / 9=tagige Anbacht / Litanen / und anderen schonen Gebetteren zu diesen heilingen auch mit Morgen = Abend = Mess = Beicht = Communion = und dieser...</subfield>
      <subfield code="c">Antonii von Padua</subfield>
      <subfield code="h">[Carte tipărită]</subfield>
    </datafield>
    <datafield tag="260" ind1=" " ind2=" ">
      <subfield code="a">Cluj</subfield>
      <subfield code="b">Academischen Buchdruckerey der Gesellschaft Jesu</subfield>
      <subfield code="c">1749</subfield>
    </datafield>
    <datafield tag="300" ind1=" " ind2=" ">
      <subfield code="a">[8] f.; 163 p.; [1] f. ; 16 cm</subfield>
    </datafield>
    <datafield tag="500" ind1=" " ind2=" ">
      <subfield code="a">Legătura: coperți din carton recent marmorat. Însemnări: fila de titlu: Liber Conventus Cib.</subfield>
    </datafield>
    <datafield tag="650" ind1=" " ind2=" ">
      <subfield code="a">catolicitate</subfield>
    </datafield>
    <datafield tag="650" ind1=" " ind2=" ">
      <subfield code="a">doctrina catolică</subfield>
    </datafield>
    <datafield tag="650" ind1=" " ind2=" ">
      <subfield code="a">teologie</subfield>
    </datafield>
    <datafield tag="650" ind1=" " ind2=" ">
      <subfield code="a">Transilvanice</subfield>
    </datafield>
    <datafield tag="995" ind1=" " ind2=" ">
      <subfield code="a">Colecţii Speciale - Transilvanice</subfield>
      <subfield code="D">0.01</subfield>
      <subfield code="e">T00053</subfield>
      <subfield code="F">Sediul_Central_A</subfield>
      <subfield code="j">242 T1</subfield>
      <subfield code="U">Available</subfield>
      <subfield code="W">Feb 19, 2020</subfield>
      <subfield code="y">T00053</subfield>
      <subfield code="Z">Împrumut la Sala</subfield>
    </datafield>
  </record>