
  <record>
    <leader>00000nam a2200000 a 4500</leader>
    <controlfield tag="001">BJSB452913</controlfield>
    <controlfield tag="008">200219s1597####|||||||||||||||||#||####u</controlfield>
    <datafield tag="050" ind1=" " ind2=" ">
      <subfield code="a">1; 094.1(430)</subfield>
    </datafield>
    <datafield tag="100" ind1=" " ind2=" ">
      <subfield code="a">Goclenius, Rodolphus (Göckel, Rudolf)</subfield>
    </datafield>
    <datafield tag="245" ind1="1" ind2="0">
      <subfield code="a">Problematum Logicorum Rodolphi Goclenii Professoris Academici in Schola Marpurg. Pars IIII: De Syllogistica</subfield>
      <subfield code="c">Rodolphi Goclenii Corbachiensis, Logicae in Academia Marpurgensi Professoris</subfield>
      <subfield code="h">[Carte tipărită]</subfield>
    </datafield>
    <datafield tag="260" ind1=" " ind2=" ">
      <subfield code="a">Marpurgi [Marburg]</subfield>
      <subfield code="b">Typis Pauli Egenolphi</subfield>
      <subfield code="c">1597</subfield>
    </datafield>
    <datafield tag="300" ind1=" " ind2=" ">
      <subfield code="a">[8] p., 263 p. ; 17 cm</subfield>
    </datafield>
    <datafield tag="500" ind1=" " ind2=" ">
      <subfield code="a">Legătura: coperți de lemn învelite în piele; păstrează urme de cheotori; stare de conservare bună. Observații: pe recto-ul paginii de titlu - ștampilă ovală cu textul: „Biblioteca Astra Sibiu”.</subfield>
    </datafield>
    <datafield tag="650" ind1=" " ind2=" ">
      <subfield code="a">filosofie</subfield>
    </datafield>
    <datafield tag="650" ind1=" " ind2=" ">
      <subfield code="a">carte veche străină</subfield>
    </datafield>
    <datafield tag="650" ind1=" " ind2=" ">
      <subfield code="a">Logica</subfield>
    </datafield>
    <datafield tag="995" ind1=" " ind2=" ">
      <subfield code="a">Colecţii Speciale - CS</subfield>
      <subfield code="D">0.01</subfield>
      <subfield code="e">CS0047</subfield>
      <subfield code="F">Sediul_Central_A</subfield>
      <subfield code="j">889 S1</subfield>
      <subfield code="U">Available</subfield>
      <subfield code="W">Feb 19, 2020</subfield>
      <subfield code="y">CS0047</subfield>
      <subfield code="Z">Împrumut la Sala</subfield>
    </datafield>
  </record>