
  <record>
    <leader>00000nam a2200000 a 4500</leader>
    <controlfield tag="001">BJSB452889</controlfield>
    <controlfield tag="008">200219s1750####|||||||||||||||||#||####u</controlfield>
    <datafield tag="050" ind1=" " ind2=" ">
      <subfield code="a">094.1(498); 264.02</subfield>
    </datafield>
    <datafield tag="100" ind1=" " ind2=" ">
      <subfield code="a">Csete, Stephani</subfield>
    </datafield>
    <datafield tag="245" ind1="1" ind2="0">
      <subfield code="a">Reverendi Patris Stephani Csete e Societate Jesu, Per Hungariam, &amp; Transylvaniam habiti ad Populum Sacri Sermones. Opus Dominicale. quod ex posthumus authoris ejusdem lucubrationibus excussit, apparavit, &amp; desideriis atque Munificentia inclyti Status Catholici Transylvaniae, anno post authoris e Dacia reditum quinquagesimo: in salutem animarum edidit; P. Joannes Gyalogi, ex eadem Societate Jesu. Benedicite cete</subfield>
      <subfield code="c">Stephani Csete; editor Joannes Gyalogi</subfield>
      <subfield code="h">[Carte tipărită]</subfield>
    </datafield>
    <datafield tag="260" ind1=" " ind2=" ">
      <subfield code="a">Cluj</subfield>
      <subfield code="b">Typis Academicis Societatis Jesu</subfield>
      <subfield code="c">1750</subfield>
    </datafield>
    <datafield tag="300" ind1=" " ind2=" ">
      <subfield code="a">[4] f.; 250 p. ; 33 cm</subfield>
    </datafield>
    <datafield tag="500" ind1=" " ind2=" ">
      <subfield code="a">Legătura: coperți din carton recent marmorat. Însemnări: fila de titlu: Contus Cibiniensi.</subfield>
    </datafield>
    <datafield tag="650" ind1=" " ind2=" ">
      <subfield code="a">teologie</subfield>
    </datafield>
    <datafield tag="650" ind1=" " ind2=" ">
      <subfield code="a">Transilvanice</subfield>
    </datafield>
    <datafield tag="650" ind1=" " ind2=" ">
      <subfield code="a">liturghia de rit catolic</subfield>
    </datafield>
    <datafield tag="650" ind1=" " ind2=" ">
      <subfield code="a">catolicism</subfield>
    </datafield>
    <datafield tag="995" ind1=" " ind2=" ">
      <subfield code="a">Colecţii Speciale - Transilvanice</subfield>
      <subfield code="D">0.01</subfield>
      <subfield code="e">T00095</subfield>
      <subfield code="F">Sediul_Central_A</subfield>
      <subfield code="j">282 T1</subfield>
      <subfield code="U">Available</subfield>
      <subfield code="W">Feb 19, 2020</subfield>
      <subfield code="y">T00095</subfield>
      <subfield code="Z">Împrumut la Sala</subfield>
    </datafield>
  </record>