
  <record>
    <leader>00000nam a2200000 a 4500</leader>
    <controlfield tag="001">BJSB452874</controlfield>
    <controlfield tag="008">200219s1761####|||||||||||||||||#||####u</controlfield>
    <datafield tag="050" ind1=" " ind2=" ">
      <subfield code="a">094.1(498); 211.2</subfield>
    </datafield>
    <datafield tag="100" ind1=" " ind2=" ">
      <subfield code="a">Ferenczi, Andreas</subfield>
    </datafield>
    <datafield tag="245" ind1="1" ind2="0">
      <subfield code="a">Dum Assertiones ex Universa Philosophia, in Alma, Regioque-Principali Universitate Claudiopolitana Anno M. DCC. LXI mense augusto die. publice propugnaret. Nobilis, ac eruditis Dominus Andreas Ferenczi Philosophia in Secundum Annum Auditor ex praelectionibus R. P. Adami Nyiro e Soc. Jesu, AA. LL. &amp; Philosophiae Doctoris, Ejusdemque Professoris Publici Ordinarii Auditoribus Oblatae</subfield>
      <subfield code="c">Andreas Ferenczi</subfield>
      <subfield code="h">[Carte tipărită]</subfield>
    </datafield>
    <datafield tag="260" ind1=" " ind2=" ">
      <subfield code="a">Cluj</subfield>
      <subfield code="b">Typis Academicis Soc. Jesu</subfield>
      <subfield code="c">1761</subfield>
    </datafield>
    <datafield tag="300" ind1=" " ind2=" ">
      <subfield code="a">[8] f.; 268 p. ; 17 cm</subfield>
    </datafield>
    <datafield tag="500" ind1=" " ind2=" ">
      <subfield code="a">Legătura: coperți din carton legate în piele. Însemnări: fila de gardă v: [...] Josephi Horvath</subfield>
    </datafield>
    <datafield tag="650" ind1=" " ind2=" ">
      <subfield code="a">filosofie</subfield>
    </datafield>
    <datafield tag="650" ind1=" " ind2=" ">
      <subfield code="a">filosofie creştină</subfield>
    </datafield>
    <datafield tag="650" ind1=" " ind2=" ">
      <subfield code="a">Transilvanice</subfield>
    </datafield>
    <datafield tag="856" ind1=" " ind2=" ">
      <subfield code="u">http://www.dspace.bjastrasibiu.ro/bitstream/123456789/10288/1/BJA_CS_000064_T_0001-0290.pdf</subfield>
    </datafield>
    <datafield tag="995" ind1=" " ind2=" ">
      <subfield code="a">Colecţii Speciale - Transilvanice</subfield>
      <subfield code="D">0.01</subfield>
      <subfield code="e">T00064</subfield>
      <subfield code="F">Sediul_Central_A</subfield>
      <subfield code="j">253 T1</subfield>
      <subfield code="U">Available</subfield>
      <subfield code="W">Feb 19, 2020</subfield>
      <subfield code="y">T00064</subfield>
      <subfield code="Z">Împrumut la Sala</subfield>
    </datafield>
  </record>