
  <record>
    <leader>00000nam a2200000 a 4500</leader>
    <controlfield tag="001">BJSB452868</controlfield>
    <controlfield tag="008">200219s1761####|||||||||||||||||#||####u</controlfield>
    <datafield tag="050" ind1=" " ind2=" ">
      <subfield code="a">094.1(498); 22.07</subfield>
    </datafield>
    <datafield tag="100" ind1=" " ind2=" ">
      <subfield code="a">Tobiam Ferenczi</subfield>
    </datafield>
    <datafield tag="245" ind1="1" ind2="0">
      <subfield code="a">Quaestiones Scripturiticae in Selecta Veteris &amp; Novi Testamenti Loca, Earumque Resolutiones Cum Subjecta Doctrina morali Ex probatis Athoribus collectae, &amp; digestae Per A. R. P. M. Tobiam Ferenczi Ord. Min. S. P. Francisci Conventualium, Almae Provinciae S. Elizabeth, per Hungariam, Transylvaniam, partesque annexas extensae, Diffinitorem perpetuum &amp; ex-Provincialem. Cum permissu, &amp; Facultate Superiorum </subfield>
      <subfield code="c">Tobiam Ferenczi</subfield>
      <subfield code="h">[Carte tipărită]</subfield>
    </datafield>
    <datafield tag="260" ind1=" " ind2=" ">
      <subfield code="a">Cluj</subfield>
      <subfield code="b">Typis Academicis Societ. Jesu</subfield>
      <subfield code="c">1761</subfield>
    </datafield>
    <datafield tag="300" ind1=" " ind2=" ">
      <subfield code="a">[12] f.; 264 p.; 18 cm</subfield>
    </datafield>
    <datafield tag="500" ind1=" " ind2=" ">
      <subfield code="a">Legătura: coperți din carton legate în piele. Însemnări: coperta 2: Pro [...] Patris Denigni.</subfield>
    </datafield>
    <datafield tag="650" ind1=" " ind2=" ">
      <subfield code="a">exegeză biblică</subfield>
    </datafield>
    <datafield tag="650" ind1=" " ind2=" ">
      <subfield code="a">Transilvanice</subfield>
    </datafield>
    <datafield tag="650" ind1=" " ind2=" ">
      <subfield code="a">Biblia</subfield>
    </datafield>
    <datafield tag="650" ind1=" " ind2=" ">
      <subfield code="a">teologie</subfield>
    </datafield>
    <datafield tag="856" ind1=" " ind2=" ">
      <subfield code="u">http://www.dspace.bjastrasibiu.ro/bitstream/123456789/10381/1/BJA_CS_000065_T_0001-0298.pdf</subfield>
    </datafield>
    <datafield tag="995" ind1=" " ind2=" ">
      <subfield code="a">Colecţii Speciale - Transilvanice</subfield>
      <subfield code="D">0.01</subfield>
      <subfield code="e">T00065</subfield>
      <subfield code="F">Sediul_Central_A</subfield>
      <subfield code="j">254 T1</subfield>
      <subfield code="U">Available</subfield>
      <subfield code="W">Feb 19, 2020</subfield>
      <subfield code="y">T00065</subfield>
      <subfield code="Z">Împrumut la Sala</subfield>
    </datafield>
  </record>