
  <record>
    <leader>00000nam a2200000 a 4500</leader>
    <controlfield tag="001">BJSB452873</controlfield>
    <controlfield tag="008">200219s1596####|||||||||||||||||#||####u</controlfield>
    <datafield tag="050" ind1=" " ind2=" ">
      <subfield code="a">1; 094.1(430)</subfield>
    </datafield>
    <datafield tag="100" ind1=" " ind2=" ">
      <subfield code="a">Goclenius, Rodolphus (Göckel, Rudolf)</subfield>
    </datafield>
    <datafield tag="245" ind1="1" ind2="0">
      <subfield code="a">Problematum Logicorum Rodolphi Goclenii Professoris Academici in Schola Marpurg.</subfield>
      <subfield code="c">Rodolphi Goclenii Professoris Academici in Schola Marpurgensi</subfield>
      <subfield code="h">[Carte tipărită]</subfield>
    </datafield>
    <datafield tag="260" ind1=" " ind2=" ">
      <subfield code="a">Marpurgi [Marburg]</subfield>
      <subfield code="b">Typis Pauli Egenolphi</subfield>
      <subfield code="c">1596-</subfield>
    </datafield>
    <datafield tag="300" ind1=" " ind2=" ">
      <subfield code="a">vol.</subfield>
    </datafield>
    <datafield tag="650" ind1=" " ind2=" ">
      <subfield code="a">carte veche străină</subfield>
    </datafield>
    <datafield tag="650" ind1=" " ind2=" ">
      <subfield code="a">Logica</subfield>
    </datafield>
    <datafield tag="650" ind1=" " ind2=" ">
      <subfield code="a">filosofie</subfield>
    </datafield>
  </record>