
  <record>
    <leader>00000nam a2200000 a 4500</leader>
    <controlfield tag="001">BJSB452867</controlfield>
    <controlfield tag="008">200219s1751####|||||||||||||||||#||####u</controlfield>
    <datafield tag="050" ind1=" " ind2=" ">
      <subfield code="a">094.1(498); 234.9</subfield>
    </datafield>
    <datafield tag="100" ind1=" " ind2=" ">
      <subfield code="a">Csato, Alexius</subfield>
    </datafield>
    <datafield tag="245" ind1="1" ind2="0">
      <subfield code="a">Deus discernens seu Dissertatio secunda de Praedestinatione Sanctorum. Auctore A. R. P. F. Alexio Csato, Ordinis Min. S. P. Francisci Strict. observ. SS. Theologiae Lectore Generali, &amp; Provinciae Transylvaniae S. R. Stephani iterato Ministri Provinciali</subfield>
      <subfield code="c">Alexio Csato</subfield>
      <subfield code="h">[Carte tipărită]</subfield>
    </datafield>
    <datafield tag="260" ind1=" " ind2=" ">
      <subfield code="a">Șumuleu Ciuc</subfield>
      <subfield code="b">Typis Conventus Csik Somlyovienfis</subfield>
      <subfield code="c">1751</subfield>
    </datafield>
    <datafield tag="300" ind1=" " ind2=" ">
      <subfield code="a">[6] f.; 396 p.; [5] p. ; 34 cm</subfield>
    </datafield>
    <datafield tag="500" ind1=" " ind2=" ">
      <subfield code="a">Legătura: coperți din carton legate în piele. Însemnări: fila de titlu: Conventus Cibiniensis.</subfield>
    </datafield>
    <datafield tag="650" ind1=" " ind2=" ">
      <subfield code="a">teologie</subfield>
    </datafield>
    <datafield tag="650" ind1=" " ind2=" ">
      <subfield code="a">Transilvanice</subfield>
    </datafield>
    <datafield tag="650" ind1=" " ind2=" ">
      <subfield code="a">predestinare și liber arbitru</subfield>
    </datafield>
    <datafield tag="650" ind1=" " ind2=" ">
      <subfield code="a">soteriologie</subfield>
    </datafield>
    <datafield tag="856" ind1=" " ind2=" ">
      <subfield code="u">http://www.dspace.bjastrasibiu.ro/bitstream/123456789/10279/1/BJA_CS_000160_T_0001-0415.pdf</subfield>
    </datafield>
    <datafield tag="995" ind1=" " ind2=" ">
      <subfield code="a">Colecţii Speciale - Transilvanice</subfield>
      <subfield code="D">0.01</subfield>
      <subfield code="e">T00160</subfield>
      <subfield code="F">Sediul_Central_A</subfield>
      <subfield code="j">472 T1</subfield>
      <subfield code="U">Available</subfield>
      <subfield code="W">Feb 19, 2020</subfield>
      <subfield code="y">T00160</subfield>
      <subfield code="Z">Împrumut la Sala</subfield>
    </datafield>
  </record>