
  <record>
    <leader>00000nam a2200000 a 4500</leader>
    <controlfield tag="001">BJSB452860</controlfield>
    <controlfield tag="008">200219s1730####|||||||||||||||||#||####u</controlfield>
    <datafield tag="050" ind1=" " ind2=" ">
      <subfield code="a">094.1(498); 271.3</subfield>
    </datafield>
    <datafield tag="245" ind1="0" ind2="0">
      <subfield code="a">Statuta Municipalia Provinciae Transylvanicae Fratrum Minorum Strictioris Observantiae, sub Patrocinio S. &amp; Apostolici Regis Stephani Deo famulantium. Accedente Libero compromisso cunctorum Provinciae Discretorum, &amp; Superiorum actualium in intermedia Venerabilis Diffinitorii Congregatione vim capituli habente, ex sacris canonibus, Apostolicis Sanctionibus, generalibus Ordinis, &amp; almae provinciae veteribus, ac recentioribus Constitutionibus, Anno MDCCXXVIII...</subfield>
      <subfield code="h">[Carte tipărită]</subfield>
    </datafield>
    <datafield tag="260" ind1=" " ind2=" ">
      <subfield code="a">Sibiu</subfield>
      <subfield code="b">Typis nostri Venerabilis, &amp; principalioris Conventus B. V. Visitantis </subfield>
      <subfield code="c">1730</subfield>
    </datafield>
    <datafield tag="300" ind1=" " ind2=" ">
      <subfield code="a">[4] f.; 69 p.; [9] f.; 74 p. ; 20 cm</subfield>
    </datafield>
    <datafield tag="500" ind1=" " ind2=" ">
      <subfield code="a">Legătura: coperți din carton legate în piele.  </subfield>
    </datafield>
    <datafield tag="650" ind1=" " ind2=" ">
      <subfield code="a">ordinul minorit</subfield>
    </datafield>
    <datafield tag="650" ind1=" " ind2=" ">
      <subfield code="a">teologie</subfield>
    </datafield>
    <datafield tag="650" ind1=" " ind2=" ">
      <subfield code="a">ordine religioase</subfield>
    </datafield>
    <datafield tag="650" ind1=" " ind2=" ">
      <subfield code="a">Transilvanice</subfield>
    </datafield>
    <datafield tag="995" ind1=" " ind2=" ">
      <subfield code="a">Colecţii Speciale - Transilvanice</subfield>
      <subfield code="D">0.01</subfield>
      <subfield code="e">T00176</subfield>
      <subfield code="F">Sediul_Central_A</subfield>
      <subfield code="j">509 T1</subfield>
      <subfield code="U">Available</subfield>
      <subfield code="W">Feb 19, 2020</subfield>
      <subfield code="y">T00176</subfield>
      <subfield code="Z">Împrumut la Sala</subfield>
    </datafield>
  </record>