
  <record>
    <leader>00000nam a2200000 a 4500</leader>
    <controlfield tag="001">BJSB452848</controlfield>
    <controlfield tag="008">200219s1748####|||||||||||||||||#||####u</controlfield>
    <datafield tag="050" ind1=" " ind2=" ">
      <subfield code="a">094.1(498); 783:283/289</subfield>
    </datafield>
    <datafield tag="245" ind1="0" ind2="0">
      <subfield code="a">Agenda Sacra das ist Kirschen Ordnung zum heilingen Der Herrmannstadtischen, wie auch der ubringen Ewnagelischen Kirchen in Siebenburgen, von neuem ubersechen, vermehret, und audgelegt im Jahre 1748</subfield>
      <subfield code="h">[Carte tipărită]</subfield>
    </datafield>
    <datafield tag="260" ind1=" " ind2=" ">
      <subfield code="a">Sibiu</subfield>
      <subfield code="b">Druckts Samuel Sardi</subfield>
      <subfield code="c">1748</subfield>
    </datafield>
    <datafield tag="300" ind1=" " ind2=" ">
      <subfield code="a">325 p.; [2] p. ; 22 cm</subfield>
    </datafield>
    <datafield tag="500" ind1=" " ind2=" ">
      <subfield code="a">Legătura: coperți din carton legate în piele. Însemnări: coperta 3, însemnări ilizibile, identificat anul: 1653; fila de titlu: Io. dan. Hirsch 1824; însemnări tipiconale. Observații: coperta 3, ștampilă cu textul: Anticariat Sibiu lei 313.</subfield>
    </datafield>
    <datafield tag="650" ind1=" " ind2=" ">
      <subfield code="a">muzică liturgică</subfield>
    </datafield>
    <datafield tag="650" ind1=" " ind2=" ">
      <subfield code="a">muzică liturgică protestantă</subfield>
    </datafield>
    <datafield tag="650" ind1=" " ind2=" ">
      <subfield code="a">Transilvanice</subfield>
    </datafield>
    <datafield tag="650" ind1=" " ind2=" ">
      <subfield code="a">muzică</subfield>
    </datafield>
    <datafield tag="995" ind1=" " ind2=" ">
      <subfield code="a">Colecţii Speciale - Transilvanice</subfield>
      <subfield code="D">0.01</subfield>
      <subfield code="e">T00226</subfield>
      <subfield code="F">Sediul_Central_A</subfield>
      <subfield code="j">512 T1</subfield>
      <subfield code="U">Available</subfield>
      <subfield code="W">Feb 19, 2020</subfield>
      <subfield code="y">T00226</subfield>
      <subfield code="Z">Împrumut la Sala</subfield>
    </datafield>
  </record>