
  <record>
    <leader>00000nam a2200000 a 4500</leader>
    <controlfield tag="001">BJSB452845</controlfield>
    <controlfield tag="008">200219s1763####|||||||||||||||||#||####u</controlfield>
    <datafield tag="050" ind1=" " ind2=" ">
      <subfield code="a">230.1; 276 Ioan Damaschinul, Sf.; 094.1(498.4)</subfield>
    </datafield>
    <datafield tag="100" ind1=" " ind2=" ">
      <subfield code="a">Ioan Damaschinul, Sfânt</subfield>
    </datafield>
    <datafield tag="245" ind1="1" ind2="0">
      <subfield code="a">Sancti Patris Nostri Joannis Damasceni Monachi Et Presbyteri Hierosolimitani Opera Philosophica Et Theologica Quae Eius Nomine Circumferentur. Ex editione Veneta &amp; Parisiensi. Pars secunda complectens Quatuor de Fide Orthodoxa Libros cum Illustrissimi, ac Reverendissimi Domini Petri Pauli Aaron de Bisztra Episcopi Fogarasiensis Benedictione, nunc primum hoc ordine typis edita</subfield>
      <subfield code="c">Sanctis Patris Nostri Joannis Damasceni</subfield>
      <subfield code="h">[Carte tipărită]</subfield>
    </datafield>
    <datafield tag="250" ind1=" " ind2=" ">
      <subfield code="a">Ed. 1</subfield>
    </datafield>
    <datafield tag="260" ind1=" " ind2=" ">
      <subfield code="a">Balasfalvae [Blaj]</subfield>
      <subfield code="b">Tipografia Sfintei Troițe</subfield>
      <subfield code="c">1763</subfield>
    </datafield>
    <datafield tag="300" ind1=" " ind2=" ">
      <subfield code="a">[28] p., 444 p. ; 17 cm</subfield>
    </datafield>
    <datafield tag="500" ind1=" " ind2=" ">
      <subfield code="a">Greşeli de paginaţie: p. 89 e numerotată 99; p. 100 e numerotată 101; p. 101 e numerotată 11; p. 102 e numerotată 12; p. 103 e numerotată 13; p. 104 e numerotată 14; p. 105 e numerotată 15; p. 106 e numerotată 16; p. 112 e numerotată 102; p. 113 e numerotată 103; p. 119 e numerotată 120; p. 120 e numerotată 121; p. 143 e numerotată 145; p. 175 e numerotată 145; p.176 e numerotată 146; p. 187 e numerotată 189; p. 188 e numerotată 190; p. 212 e numerotată 222; p. 287 e numerotată 187; p. 289 e numerotată 189;  p. 293 e numerotată 292; p. 383 e numerotată 384; p. 388 e numerotată 386; p. 389 e numerotată 387; p. 421 e numerotată 422. Legătura: coperți de carton marorat; cotor deteriorat. Observații: filele sunt tăiate inegal.</subfield>
    </datafield>
    <datafield tag="650" ind1=" " ind2=" ">
      <subfield code="a">teologie dogmatică</subfield>
    </datafield>
    <datafield tag="650" ind1=" " ind2=" ">
      <subfield code="a">teologie</subfield>
    </datafield>
    <datafield tag="650" ind1=" " ind2=" ">
      <subfield code="a">patristică</subfield>
    </datafield>
    <datafield tag="650" ind1=" " ind2=" ">
      <subfield code="a">patrologie</subfield>
    </datafield>
    <datafield tag="650" ind1=" " ind2=" ">
      <subfield code="a">Transilvanice</subfield>
    </datafield>
    <datafield tag="650" ind1=" " ind2=" ">
      <subfield code="a">Evul Mediu</subfield>
    </datafield>
    <datafield tag="995" ind1=" " ind2=" ">
      <subfield code="a">Colecţii Speciale - Transilvanice</subfield>
      <subfield code="D">0.01</subfield>
      <subfield code="e">T00010</subfield>
      <subfield code="F">Sediul_Central_A</subfield>
      <subfield code="j">151 T1</subfield>
      <subfield code="U">Available</subfield>
      <subfield code="W">Feb 19, 2020</subfield>
      <subfield code="y">T00010</subfield>
      <subfield code="Z">Împrumut la Sala</subfield>
    </datafield>
  </record>