
  <record>
    <leader>00000nam a2200000 a 4500</leader>
    <controlfield tag="001">BJSB452836</controlfield>
    <controlfield tag="008">200219s1581####|||||||||||||||||#||####u</controlfield>
    <datafield tag="050" ind1=" " ind2=" ">
      <subfield code="a">094.1(498); 347(498.4)</subfield>
    </datafield>
    <datafield tag="100" ind1=" " ind2=" ">
      <subfield code="a">Fronii, Mathiae</subfield>
    </datafield>
    <datafield tag="245" ind1="1" ind2="0">
      <subfield code="a">Statua Iurium Municipalium Saxonum in Transylvania Opera Mathiae Fronii reuisa, locupletata &amp; edita. Cum Gratia regia &amp; priuilegio Decennalt</subfield>
      <subfield code="c">Mathiae Fronii</subfield>
      <subfield code="h">[Carte tipărită]</subfield>
    </datafield>
    <datafield tag="260" ind1=" " ind2=" ">
      <subfield code="a">Brașov</subfield>
      <subfield code="b">[S.n.]</subfield>
      <subfield code="c">1581</subfield>
    </datafield>
    <datafield tag="300" ind1=" " ind2=" ">
      <subfield code="a">[21] p.; 110 p.; [4] p.; il. ; 19 cm</subfield>
    </datafield>
    <datafield tag="500" ind1=" " ind2=" ">
      <subfield code="a">Legătura: coperți din carton legate în piele. Greșeli de paginație: p. 110 e numerotată 201. Însemnări: coperta 2: Regis ad Exemplum totus componitur orbis. debet ad huc nalci cocus is qui noverit omnes Sic condire cibos ut sint omnibus aque; fila de titlu: 1260; Laurenty Biro Bis[...]; p. 4: Omnibus adde modum, modus est pulcherima virtus; p. 22: specialiter; p. 68: acquisiverit; fila de gardă de la finalul cărții: este redat cuprinsul cărții; coperta 3: Magnum vectigal cum pietate Labor. Observații: fila 2 nenumerotată r, ștampilă ovală cu textul: Biblioteca Asociat. Tranne. Rom. P. Cut. Si Lit. Pop. Rom.; fila 3 nenumerotată r, ștampilă dreptunghiulară cu textul: Biblioteca Astrei (Asociațiunea pentru literatura rom. și cultura poporului român). Centrala Sibiu Nr.; filele 4, 5, 6, 9 nenumeroatate r, p. 8, 26, 50, 74, 90, 106, coperta 3: ștampilă ovală cu textul: Biblioteca Centrală a Asociațiunii Sibiiu</subfield>
    </datafield>
    <datafield tag="650" ind1=" " ind2=" ">
      <subfield code="a">Transilvanice</subfield>
    </datafield>
    <datafield tag="650" ind1=" " ind2=" ">
      <subfield code="a">drept</subfield>
    </datafield>
    <datafield tag="650" ind1=" " ind2=" ">
      <subfield code="a">drept civil</subfield>
    </datafield>
    <datafield tag="995" ind1=" " ind2=" ">
      <subfield code="a">Colecţii Speciale - Transilvanice</subfield>
      <subfield code="D">0.01</subfield>
      <subfield code="e">T00227</subfield>
      <subfield code="F">Sediul_Central_A</subfield>
      <subfield code="j">513 T1</subfield>
      <subfield code="U">Available</subfield>
      <subfield code="W">Feb 19, 2020</subfield>
      <subfield code="y">T00227</subfield>
      <subfield code="Z">Împrumut la Sala</subfield>
    </datafield>
  </record>