
  <record>
    <leader>00000nam a2200000 a 4500</leader>
    <controlfield tag="001">BJSB452834</controlfield>
    <controlfield tag="008">200219s1763####|||||||||||||||||#||####u</controlfield>
    <datafield tag="050" ind1=" " ind2=" ">
      <subfield code="a">230.1; 276 Ioan Damaschinul, Sf.; 094.1(498.4)</subfield>
    </datafield>
    <datafield tag="100" ind1=" " ind2=" ">
      <subfield code="a">Ioan Damaschinul, Sfânt</subfield>
    </datafield>
    <datafield tag="245" ind1="1" ind2="0">
      <subfield code="a">Sancti Patris Nostri Joannis Damasceni Monachi Et Presbyteri Hierosolymitani Opera Philosophica Et Theologica Quae Eius Nomine Circumferentur. Ex editione Veneta &amp; Parisiensi. Pars Prima complectens Dialecticam Physicam et Haereses. cum Illustrissimi, ac Reverendissimi Domini Petri Pauli Aaron de Bisztra Episcopi Fogarasiensis Benedictione, nunc primum hoc ordine typis edita</subfield>
      <subfield code="c">Sanctis Patris Nostri Joannis Damasceni</subfield>
      <subfield code="h">[Carte tipărită]</subfield>
    </datafield>
    <datafield tag="250" ind1=" " ind2=" ">
      <subfield code="a">Ed. 1</subfield>
    </datafield>
    <datafield tag="260" ind1=" " ind2=" ">
      <subfield code="a">Balasfalvae [Blaj]</subfield>
      <subfield code="b">Tipografia Sfintei Troițe</subfield>
      <subfield code="c">1763</subfield>
    </datafield>
    <datafield tag="300" ind1=" " ind2=" ">
      <subfield code="a">[32] p., 448 p. ; 17 cm</subfield>
    </datafield>
    <datafield tag="500" ind1=" " ind2=" ">
      <subfield code="a">Greșeli de paginație: p. 367 nu e numerotată; în continuare paginația continuă corect. Legătura: coperți de carton recent, stare de conservare bună. Însemnări: pe recto-ul paginii de titlu apare textul: „ S. Conventus Cibiniensis”. Observații: pe recto-ul paginii de titlu și pe ultima pagină - ștampilă ovală cu textul: „Biblioteca Astra Sibiu”.</subfield>
    </datafield>
    <datafield tag="650" ind1=" " ind2=" ">
      <subfield code="a">teologie</subfield>
    </datafield>
    <datafield tag="650" ind1=" " ind2=" ">
      <subfield code="a">teologie dogmatică</subfield>
    </datafield>
    <datafield tag="650" ind1=" " ind2=" ">
      <subfield code="a">Evul Mediu</subfield>
    </datafield>
    <datafield tag="650" ind1=" " ind2=" ">
      <subfield code="a">Transilvanice</subfield>
    </datafield>
    <datafield tag="650" ind1=" " ind2=" ">
      <subfield code="a">patrologie</subfield>
    </datafield>
    <datafield tag="650" ind1=" " ind2=" ">
      <subfield code="a">patristică</subfield>
    </datafield>
    <datafield tag="995" ind1=" " ind2=" ">
      <subfield code="a">Colecţii Speciale - Transilvanice</subfield>
      <subfield code="D">0.01</subfield>
      <subfield code="e">T00009</subfield>
      <subfield code="F">Sediul_Central_A</subfield>
      <subfield code="j">150 T1</subfield>
      <subfield code="U">Available</subfield>
      <subfield code="W">Feb 19, 2020</subfield>
      <subfield code="y">T00009</subfield>
      <subfield code="Z">Împrumut la Sala</subfield>
    </datafield>
  </record>