
  <record>
    <leader>00000nam a2200000 a 4500</leader>
    <controlfield tag="001">BJSB452826</controlfield>
    <controlfield tag="008">200219s1742####|||||||||||||||||#||####u</controlfield>
    <datafield tag="050" ind1=" " ind2=" ">
      <subfield code="a">094.1(498); 22.07</subfield>
    </datafield>
    <datafield tag="100" ind1=" " ind2=" ">
      <subfield code="a">Hanapo, Nicolao</subfield>
    </datafield>
    <datafield tag="245" ind1="1" ind2="0">
      <subfield code="a">Exempla biblica in Materias Morales distributa a Reverendissimo Domino Nicolao Hanapo Patriarcha Hierosolymitano Ordin Praedicatorum dum In Alma, ac Regio-Principali soc. J. Universitate Claudiopolitana Positiones Philosophiae Universae publice propugnandas suscerit Rev. Nobilis, ac Eruditus D. Andreas Matis...</subfield>
      <subfield code="c">Nicolao Hanapo; editor Andreas Matis; tipograf Michaelem Becskereki</subfield>
      <subfield code="h">[Carte tipărită]</subfield>
    </datafield>
    <datafield tag="260" ind1=" " ind2=" ">
      <subfield code="a">Cluj</subfield>
      <subfield code="b">Typis Academicis S. J.</subfield>
      <subfield code="c">1742</subfield>
    </datafield>
    <datafield tag="300" ind1=" " ind2=" ">
      <subfield code="a">[9] f.; 440 p.; [2] f. ; 16 cm</subfield>
    </datafield>
    <datafield tag="500" ind1=" " ind2=" ">
      <subfield code="a">Legătura: coperți din carton legate în piele. Însemnări: coperta 2: Emptus al Adnii R. D. Gregorii Bodo per P. Iosephi Madar codjuctorem Parochia xf 30; Anno 1788; fila de gardă: [...] Hozefus Iosephus [...]; fila de titlu: P. F. Jos. Madar 1788; fila de gardă de la finalul cărții: Regs [...] Hah; coperta 3: Szolga Birs (?); Poligicus Polit [...]</subfield>
    </datafield>
    <datafield tag="650" ind1=" " ind2=" ">
      <subfield code="a">Transilvanice</subfield>
    </datafield>
    <datafield tag="650" ind1=" " ind2=" ">
      <subfield code="a">exegeză biblică</subfield>
    </datafield>
    <datafield tag="650" ind1=" " ind2=" ">
      <subfield code="a">Biblia</subfield>
    </datafield>
    <datafield tag="650" ind1=" " ind2=" ">
      <subfield code="a">teologie</subfield>
    </datafield>
    <datafield tag="856" ind1=" " ind2=" ">
      <subfield code="u">http://www.dspace.bjastrasibiu.ro/bitstream/123456789/10266/1/BJA_CS_000061_T_0001-0470.pdf</subfield>
    </datafield>
    <datafield tag="995" ind1=" " ind2=" ">
      <subfield code="a">Colecţii Speciale - Transilvanice</subfield>
      <subfield code="D">0.01</subfield>
      <subfield code="e">T00061</subfield>
      <subfield code="F">Sediul_Central_A</subfield>
      <subfield code="j">250 T1</subfield>
      <subfield code="U">Available</subfield>
      <subfield code="W">Feb 19, 2020</subfield>
      <subfield code="y">T00061</subfield>
      <subfield code="Z">Împrumut la Sala</subfield>
    </datafield>
  </record>