
  <record>
    <leader>00000nam a2200000 a 4500</leader>
    <controlfield tag="001">BJSB452828</controlfield>
    <controlfield tag="008">200219s1763####|||||||||||||||||#||####u</controlfield>
    <datafield tag="050" ind1=" " ind2=" ">
      <subfield code="a">230.1; 276 Ioan Damaschinul, Sf.; 094.1(498.4)</subfield>
    </datafield>
    <datafield tag="100" ind1=" " ind2=" ">
      <subfield code="a">Ioan Damaschinul, Sfânt</subfield>
    </datafield>
    <datafield tag="245" ind1="1" ind2="0">
      <subfield code="a">Sancti Patris Nostri Joannis Damasceni Monachi Et Presbyteri Hierosolymitani Opera Philosophica Et Theologica Quae Eius Nomine Circumferentur. Ex editione Veneta &amp; Parisiensi</subfield>
      <subfield code="c">Sanctis Patris Nostri Joannis Damasceni</subfield>
      <subfield code="h">[Carte tipărită]</subfield>
    </datafield>
    <datafield tag="260" ind1=" " ind2=" ">
      <subfield code="a">Balasfalvae [Blaj]</subfield>
      <subfield code="b">Tipografia Sfintei Troițe</subfield>
      <subfield code="c">1763-</subfield>
    </datafield>
    <datafield tag="300" ind1=" " ind2=" ">
      <subfield code="a">vol.</subfield>
    </datafield>
    <datafield tag="650" ind1=" " ind2=" ">
      <subfield code="a">teologie</subfield>
    </datafield>
    <datafield tag="650" ind1=" " ind2=" ">
      <subfield code="a">Transilvanice</subfield>
    </datafield>
    <datafield tag="650" ind1=" " ind2=" ">
      <subfield code="a">Evul Mediu</subfield>
    </datafield>
    <datafield tag="650" ind1=" " ind2=" ">
      <subfield code="a">teologie dogmatică</subfield>
    </datafield>
    <datafield tag="650" ind1=" " ind2=" ">
      <subfield code="a">patristică</subfield>
    </datafield>
    <datafield tag="650" ind1=" " ind2=" ">
      <subfield code="a">patrologie</subfield>
    </datafield>
  </record>