
  <record>
    <leader>00000nam a2200000 a 4500</leader>
    <controlfield tag="001">BJSB452819</controlfield>
    <controlfield tag="008">200219s1789####xx#||||||||||||||#||####u</controlfield>
    <datafield tag="050" ind1=" " ind2=" ">
      <subfield code="a">094.1(498); 355.233</subfield>
    </datafield>
    <datafield tag="245" ind1="0" ind2="0">
      <subfield code="a">Zuverlassige und ausfurliche Rachricht von bem Armen Institute welches auf ben graflich Bouquoischen Herrschaften im Bohmen in Jahr 1779 errichtet worden. Herausgegeben von bem Institute selbst</subfield>
      <subfield code="h">[Carte tipărită]</subfield>
    </datafield>
    <datafield tag="260" ind1=" " ind2=" ">
      <subfield code="a"/>
      <subfield code="b">[S.n.]</subfield>
      <subfield code="c">1789</subfield>
    </datafield>
    <datafield tag="300" ind1=" " ind2=" ">
      <subfield code="a">[2] f.; 122 p.; il. ; 17 cm</subfield>
    </datafield>
    <datafield tag="500" ind1=" " ind2=" ">
      <subfield code="a">Legătura: coperți din carton recent. Însemnări: fila de titlu: Conventus Cibiniensis 1823</subfield>
    </datafield>
    <datafield tag="650" ind1=" " ind2=" ">
      <subfield code="a">Transilvanice</subfield>
    </datafield>
    <datafield tag="650" ind1=" " ind2=" ">
      <subfield code="a">instruire militară</subfield>
    </datafield>
    <datafield tag="650" ind1=" " ind2=" ">
      <subfield code="a">artă militară</subfield>
    </datafield>
    <datafield tag="995" ind1=" " ind2=" ">
      <subfield code="a">Colecţii Speciale - Transilvanice</subfield>
      <subfield code="D">0.01</subfield>
      <subfield code="e">T00172</subfield>
      <subfield code="F">Sediul_Central_A</subfield>
      <subfield code="j">505 T1</subfield>
      <subfield code="U">Available</subfield>
      <subfield code="W">Feb 19, 2020</subfield>
      <subfield code="y">T00172</subfield>
      <subfield code="Z">Împrumut la Sala</subfield>
    </datafield>
  </record>