
  <record>
    <leader>00000nam a2200000 a 4500</leader>
    <controlfield tag="001">BJSB452808</controlfield>
    <controlfield tag="008">200218s1766####|||||||||||||||||#||####u</controlfield>
    <datafield tag="050" ind1=" " ind2=" ">
      <subfield code="a">91(100)"4/14"; 094.1(498.4)</subfield>
    </datafield>
    <datafield tag="110" ind1=" " ind2=" ">
      <subfield code="a">Societatis Sacerdote</subfield>
    </datafield>
    <datafield tag="245" ind1="1" ind2="0">
      <subfield code="a">Rudimenta Historica Sive brevis, facilisque Methodus Juventutem Orthodoxam notitia historica imbuendi, pro Gymnasiis Societatis Jesu. Opusculum Quintum, De Regnis, aliisque Orbis Provinciis</subfield>
      <subfield code="c">Ejusdem Societatis Sacerdote</subfield>
      <subfield code="h">[Carte tipărită]</subfield>
    </datafield>
    <datafield tag="260" ind1=" " ind2=" ">
      <subfield code="a">Claudiopoli [Cluj-Napoca]</subfield>
      <subfield code="b">Typis Academicis Societat. Jesu</subfield>
      <subfield code="c">1766</subfield>
    </datafield>
    <datafield tag="300" ind1=" " ind2=" ">
      <subfield code="a">88 p., 1 h. ; 16 cm </subfield>
    </datafield>
    <datafield tag="500" ind1=" " ind2=" ">
      <subfield code="a">Legătura: coperți din piele; stare de conservare bună; pe cotor de păstrează titlul: „ Rudimenta Historia. Opus V”. Însemnări: pe coperta 2: P. LadsPasztory; pe pagina de gardă: Fris Ferdinandi Molitor Ord. Min[oris] Str. Obs.  '769. Observații: Pe recto-ul pagini de titlu și pe ultima pagină, ștampilă ovală cu textul: „Biblioteca Astra Sibiu”</subfield>
    </datafield>
    <datafield tag="650" ind1=" " ind2=" ">
      <subfield code="a">Transilvanice</subfield>
    </datafield>
    <datafield tag="650" ind1=" " ind2=" ">
      <subfield code="a">geografie universală</subfield>
    </datafield>
    <datafield tag="650" ind1=" " ind2=" ">
      <subfield code="a">geografie</subfield>
    </datafield>
    <datafield tag="856" ind1=" " ind2=" ">
      <subfield code="u">http://www.dspace.bjastrasibiu.ro/bitstream/123456789/10663/1/BJA_CS_000055_T_0001-0099.pdf</subfield>
    </datafield>
    <datafield tag="995" ind1=" " ind2=" ">
      <subfield code="a">Colecţii Speciale - Transilvanice</subfield>
      <subfield code="D">0.01</subfield>
      <subfield code="e">T00055</subfield>
      <subfield code="F">Sediul_Central_A</subfield>
      <subfield code="j">244 T1</subfield>
      <subfield code="U">Available</subfield>
      <subfield code="W">Feb 18, 2020</subfield>
      <subfield code="y">T00055</subfield>
      <subfield code="Z">Împrumut la Sala</subfield>
    </datafield>
  </record>