
  <record>
    <leader>00000nam a2200000 a 4500</leader>
    <controlfield tag="001">BJSB452798</controlfield>
    <controlfield tag="008">200218s1747####|||||||||||||||||#||####u</controlfield>
    <datafield tag="050" ind1=" " ind2=" ">
      <subfield code="a">094.1(498); 262.13; 265.66</subfield>
    </datafield>
    <datafield tag="100" ind1=" " ind2=" ">
      <subfield code="a">Anton de Padova, sfânt</subfield>
    </datafield>
    <datafield tag="245" ind1="1" ind2="0">
      <subfield code="a">Officium S. Antonii Paduani Ejusdemque Congragationis, Regulae, ac Indulgentiae, Cum brevi, &amp; compendiosa Prodigiorum Sancti descriptione. Qua Anno 1684. Cassoviae Typo data; Nunc denuo Pro neo-erecta, in Templo B. V. ad Nives Vetero-Claudiopolitano FF. Min. Strict. Observ. S. Francisci Seraphici Prov. Transylv. Tit. S. Regis Stephani, ac per D. Papam Benedictum XIV...</subfield>
      <subfield code="c">Antonii Paduani</subfield>
      <subfield code="h">[Carte tipărită]</subfield>
    </datafield>
    <datafield tag="260" ind1=" " ind2=" ">
      <subfield code="a">Șumuleu Ciuc</subfield>
      <subfield code="b">[S.n.]</subfield>
      <subfield code="c">1747</subfield>
    </datafield>
    <datafield tag="300" ind1=" " ind2=" ">
      <subfield code="a">[6] f.; 206 p.; [1] f. ; 14 cm</subfield>
    </datafield>
    <datafield tag="500" ind1=" " ind2=" ">
      <subfield code="a">Legătura: coperți din carton legate în piele.</subfield>
    </datafield>
    <datafield tag="650" ind1=" " ind2=" ">
      <subfield code="a">Transilvanice</subfield>
    </datafield>
    <datafield tag="650" ind1=" " ind2=" ">
      <subfield code="a">catolicism</subfield>
    </datafield>
    <datafield tag="650" ind1=" " ind2=" ">
      <subfield code="a">teologie</subfield>
    </datafield>
    <datafield tag="650" ind1=" " ind2=" ">
      <subfield code="a">indulgențe</subfield>
    </datafield>
    <datafield tag="650" ind1=" " ind2=" ">
      <subfield code="a">papalitate</subfield>
    </datafield>
    <datafield tag="995" ind1=" " ind2=" ">
      <subfield code="a">Colecţii Speciale - Transilvanice</subfield>
      <subfield code="D">0.01</subfield>
      <subfield code="e">T00140</subfield>
      <subfield code="F">Sediul_Central_A</subfield>
      <subfield code="j">432 T1</subfield>
      <subfield code="U">Available</subfield>
      <subfield code="W">Feb 18, 2020</subfield>
      <subfield code="y">T00140</subfield>
      <subfield code="Z">Împrumut la Sala</subfield>
    </datafield>
  </record>