
  <record>
    <leader>00000nam a2200000 a 4500</leader>
    <controlfield tag="001">BJSB452781</controlfield>
    <controlfield tag="008">200218nuuuuuuuu|||||||||||||||||#||####u</controlfield>
    <datafield tag="050" ind1=" " ind2=" ">
      <subfield code="a">511; 094.1(498.4)</subfield>
    </datafield>
    <datafield tag="245" ind1="0" ind2="0">
      <subfield code="a">Institutiones Arithmeticae in Usum Gymnasiorum, Per Magnum Principatum Transilvaniae</subfield>
      <subfield code="h">[Carte tipărită]</subfield>
    </datafield>
    <datafield tag="260" ind1=" " ind2=" ">
      <subfield code="a">Claudiopoli [Cluj-Napoca]</subfield>
      <subfield code="b">[S.n.]</subfield>
      <subfield code="c">[S.a.]</subfield>
    </datafield>
    <datafield tag="300" ind1=" " ind2=" ">
      <subfield code="a">6 [p.], 264 p. : tab. ; 18 cm</subfield>
    </datafield>
    <datafield tag="500" ind1=" " ind2=" ">
      <subfield code="a">Greșeli de paginație: p. 225 e numerotată 224; p. 242 e numerotată p. 241 Legătura: coperți de carton, deteriorate. Însemnări:  A. [...] 1782 Die [...] Julli. Observații: Pe recto-ul paginii de titlu și pe ultima pagină - ștampilă ovală cu textul: „Biblioteca Astra Sibiu”.; exemplar incomplet - lipsă p. 255-256</subfield>
    </datafield>
    <datafield tag="650" ind1=" " ind2=" ">
      <subfield code="a">aritmetică</subfield>
    </datafield>
    <datafield tag="650" ind1=" " ind2=" ">
      <subfield code="a">Transilvanice</subfield>
    </datafield>
    <datafield tag="650" ind1=" " ind2=" ">
      <subfield code="a">matematică</subfield>
    </datafield>
    <datafield tag="995" ind1=" " ind2=" ">
      <subfield code="a">Colecţii Speciale - Transilvanice</subfield>
      <subfield code="D">0.01</subfield>
      <subfield code="e">T00070</subfield>
      <subfield code="F">Sediul_Central_A</subfield>
      <subfield code="j">258 T1</subfield>
      <subfield code="U">Available</subfield>
      <subfield code="W">Feb 18, 2020</subfield>
      <subfield code="y">T00070</subfield>
      <subfield code="Z">Împrumut la Sala</subfield>
    </datafield>
  </record>