
  <record>
    <leader>00000nam a2200000 a 4500</leader>
    <controlfield tag="001">BJSB452766</controlfield>
    <controlfield tag="008">200218s1662####|||||||||||||||||#||####u</controlfield>
    <datafield tag="050" ind1=" " ind2=" ">
      <subfield code="a">094.1(498); 238.1:273.4; 238.1:281.9</subfield>
    </datafield>
    <datafield tag="100" ind1=" " ind2=" ">
      <subfield code="a">Jasz-Berenyi, Pauli P.</subfield>
    </datafield>
    <datafield tag="245" ind1="1" ind2="0">
      <subfield code="a">Examen doctrinae ariano-socinianae a quodam Anonymo sub hoc titulo evulgatae: doctrina De Deo, &amp; Christo, &amp; Spiritu Sancto; ipsis Scripture a verbis, ante paucos annos, a quodam divina veritatis Confessores, in sermone Germanico concinnata: nunc vero, in gratiam exterorum, Latine edita...</subfield>
      <subfield code="c">Pauli P. Jasz-Berenyi</subfield>
      <subfield code="h">[Carte tipărită]</subfield>
    </datafield>
    <datafield tag="260" ind1=" " ind2=" ">
      <subfield code="a">Londra</subfield>
      <subfield code="b">Sumptibus Samuelis Broun Bibliopolae, ad Insignia Reginae juxta Coemeterium S. Pauli</subfield>
      <subfield code="c">1662</subfield>
    </datafield>
    <datafield tag="300" ind1=" " ind2=" ">
      <subfield code="a">[10] f.; 214 p.; [1] p. ; 15 cm</subfield>
    </datafield>
    <datafield tag="500" ind1=" " ind2=" ">
      <subfield code="a">Legătura: coperți din carton recent marmorat. Însemnări: fila de gardă: Kris admodum Rto &amp; Clarito Dno Caspars Tikalizi &amp; Dno &amp; [...]volo sno mihi. author. In Transylvaniam; fila de titlu: Contus Cibiniensi 1738.</subfield>
    </datafield>
    <datafield tag="650" ind1=" " ind2=" ">
      <subfield code="a">teologie</subfield>
    </datafield>
    <datafield tag="650" ind1=" " ind2=" ">
      <subfield code="a">catehism</subfield>
    </datafield>
    <datafield tag="650" ind1=" " ind2=" ">
      <subfield code="a">Transilvanice</subfield>
    </datafield>
    <datafield tag="650" ind1=" " ind2=" ">
      <subfield code="a">arianism</subfield>
    </datafield>
    <datafield tag="650" ind1=" " ind2=" ">
      <subfield code="a">ortodoxie răsăriteană</subfield>
    </datafield>
    <datafield tag="856" ind1=" " ind2=" ">
      <subfield code="u">http://www.dspace.bjastrasibiu.ro/bitstream/123456789/10652/1/BJA_CS_000209_T_0001-0246.pdf</subfield>
    </datafield>
    <datafield tag="995" ind1=" " ind2=" ">
      <subfield code="a">Colecţii Speciale - Transilvanice</subfield>
      <subfield code="D">0.01</subfield>
      <subfield code="e">T00209</subfield>
      <subfield code="F">Sediul_Central_A</subfield>
      <subfield code="j">912 T1</subfield>
      <subfield code="U">Available</subfield>
      <subfield code="W">Feb 18, 2020</subfield>
      <subfield code="y">T00209</subfield>
      <subfield code="Z">Împrumut la Sala</subfield>
    </datafield>
  </record>