
  <record>
    <leader>00000nam a2200000 a 4500</leader>
    <controlfield tag="001">BJSB452757</controlfield>
    <controlfield tag="008">200218s1804####|||||||||||||||||#||####u</controlfield>
    <datafield tag="050" ind1=" " ind2=" ">
      <subfield code="a">094.1(498); 262.9</subfield>
    </datafield>
    <datafield tag="100" ind1=" " ind2=" ">
      <subfield code="a">Martonfi, Josephus</subfield>
    </datafield>
    <datafield tag="245" ind1="1" ind2="0">
      <subfield code="a">Josephus Martonfi de Csik-Mindszent, Dei, et Apostolicae sedis Gratia Episcopus Transilvaniae, S. C. R. Apostolicae Majestatis status, et Excelsi Regii Gubernii Consilliarius Utrobique actualis intimus</subfield>
      <subfield code="c">Josephus Martonfi</subfield>
      <subfield code="h">[Carte tipărită]</subfield>
    </datafield>
    <datafield tag="260" ind1=" " ind2=" ">
      <subfield code="a">Cluj</subfield>
      <subfield code="b">[S.n.]</subfield>
      <subfield code="c">1804</subfield>
    </datafield>
    <datafield tag="300" ind1=" " ind2=" ">
      <subfield code="a">[3] f.; 36 cm</subfield>
    </datafield>
    <datafield tag="500" ind1=" " ind2=" ">
      <subfield code="a">Legătura: lipsesc coperțile, se află în folie de protecție. Însemnări:fila 1 r: 1804; Administratori Nagy Halmagyensi; fila 3 v: Iosephus Episcopo; 1804; Ad mandatum Reverendissimi Ordinarii Daniel Fantsalis Secretarius</subfield>
    </datafield>
    <datafield tag="650" ind1=" " ind2=" ">
      <subfield code="a">Transilvanice</subfield>
    </datafield>
    <datafield tag="650" ind1=" " ind2=" ">
      <subfield code="a">teologie</subfield>
    </datafield>
    <datafield tag="650" ind1=" " ind2=" ">
      <subfield code="a">disciplină ecleziastică</subfield>
    </datafield>
    <datafield tag="856" ind1=" " ind2=" ">
      <subfield code="u">http://www.dspace.bjastrasibiu.ro/bitstream/123456789/10291/1/BJA_CS_000215_T_0001-0008.pdf</subfield>
    </datafield>
    <datafield tag="995" ind1=" " ind2=" ">
      <subfield code="a">Colecţii Speciale - Transilvanice</subfield>
      <subfield code="D">0.01</subfield>
      <subfield code="e">T00215</subfield>
      <subfield code="F">Sediul_Central_A</subfield>
      <subfield code="j">918 T1</subfield>
      <subfield code="U">Available</subfield>
      <subfield code="W">Feb 18, 2020</subfield>
      <subfield code="y">T00215</subfield>
      <subfield code="Z">Împrumut la Sala</subfield>
    </datafield>
  </record>