
  <record>
    <leader>00000nam a2200000 a 4500</leader>
    <controlfield tag="001">BJSB452721</controlfield>
    <controlfield tag="008">200218s1762####|||||||||||||||||#||####u</controlfield>
    <datafield tag="050" ind1=" " ind2=" ">
      <subfield code="a">296; 094.1(498.4)</subfield>
    </datafield>
    <datafield tag="110" ind1=" " ind2=" ">
      <subfield code="a">Societatis Sacerdote</subfield>
    </datafield>
    <datafield tag="245" ind1="1" ind2="0">
      <subfield code="a">Rudimenta Historica Sive Brevis, facilisque Methodus Juventutem Orthodoxam notitia historica imbuendi, Pro Gymnasiis Societatis Jesu. Opusculum Primum, Historiae Biblicae</subfield>
      <subfield code="c">Ejusdem Societatis Sacerdote</subfield>
      <subfield code="h">[Carte tipărită]</subfield>
    </datafield>
    <datafield tag="260" ind1=" " ind2=" ">
      <subfield code="a">Claudiopoli [Cluj-Napoca]</subfield>
      <subfield code="b">Typis Academicis Soc. Jesu</subfield>
      <subfield code="c">1762</subfield>
    </datafield>
    <datafield tag="300" ind1=" " ind2=" ">
      <subfield code="a">96 p. : tab. ; 16 cm </subfield>
    </datafield>
    <datafield tag="500" ind1=" " ind2=" ">
      <subfield code="a">Legătura: coperți din piele; stare de conservare bună; pe cotor de păstrează titlul: „ Rudimenta Historia. Opus I” Însemnări: pe coperta 2: P. LadsPasztory; Pe pagina de gardă: Fris Ferdinandi Molitor. Ord. Min[oris] Str. Obs. '769 Observații: Ștampilă ovală cu textul: „Biblioteca Astra Sibiu” - pe recto-ul paginii de titlu și pe ultima pagină.</subfield>
    </datafield>
    <datafield tag="650" ind1=" " ind2=" ">
      <subfield code="a">istoria bisericii</subfield>
    </datafield>
    <datafield tag="650" ind1=" " ind2=" ">
      <subfield code="a">Vechiul Testament</subfield>
    </datafield>
    <datafield tag="650" ind1=" " ind2=" ">
      <subfield code="a">iudaism</subfield>
    </datafield>
    <datafield tag="650" ind1=" " ind2=" ">
      <subfield code="a">Transilvanice</subfield>
    </datafield>
    <datafield tag="650" ind1=" " ind2=" ">
      <subfield code="a">teologie</subfield>
    </datafield>
    <datafield tag="856" ind1=" " ind2=" ">
      <subfield code="u">http://www.dspace.bjastrasibiu.ro/bitstream/123456789/10660/1/BJA_CS_000056_T_0001-0102.pdf</subfield>
    </datafield>
    <datafield tag="995" ind1=" " ind2=" ">
      <subfield code="a">Colecţii Speciale - Transilvanice</subfield>
      <subfield code="D">0.01</subfield>
      <subfield code="e">T00056</subfield>
      <subfield code="F">Sediul_Central_A</subfield>
      <subfield code="j">245 T1</subfield>
      <subfield code="U">Available</subfield>
      <subfield code="W">Feb 18, 2020</subfield>
      <subfield code="y">T00056</subfield>
      <subfield code="Z">Împrumut la Sala</subfield>
    </datafield>
  </record>