
  <record>
    <leader>00000nam a2200000 a 4500</leader>
    <controlfield tag="001">BJSB452716</controlfield>
    <controlfield tag="008">200218s1826####|||||||||||||||||#||####u</controlfield>
    <datafield tag="050" ind1=" " ind2=" ">
      <subfield code="a">094.1(498); 006.954.4</subfield>
    </datafield>
    <datafield tag="100" ind1=" " ind2=" ">
      <subfield code="a">Szepesy, Ignatius de </subfield>
    </datafield>
    <datafield tag="245" ind1="1" ind2="0">
      <subfield code="a">Ignatius e Liberis Baronibus Szepesy de Negyes Miseratione Divina, et Apostolicae Sedis Gratia Episcopus Transsilvaniae, Sacrae Caesareae, et Regio-Apostolicae Majestatis Actualis Intimus Status, prout et Exceli Regii gubernii in Magno Principatu Transsilvaniae Consiliarius, Commissionsis Librorum...</subfield>
      <subfield code="c">Ignatius de Szepesy</subfield>
      <subfield code="h">[Carte tipărită]</subfield>
    </datafield>
    <datafield tag="260" ind1=" " ind2=" ">
      <subfield code="a">Posoni</subfield>
      <subfield code="b">Typis S. Ludovici Weber</subfield>
      <subfield code="c">1826</subfield>
    </datafield>
    <datafield tag="300" ind1=" " ind2=" ">
      <subfield code="a">12 p. ; 24 cm</subfield>
    </datafield>
    <datafield tag="500" ind1=" " ind2=" ">
      <subfield code="a">Legătura: lipsesc coperțile, se află în folie de protecție. Însemnări: p. 1: 1826; p. 12: [...]archiana Cibiniensis.</subfield>
    </datafield>
    <datafield tag="650" ind1=" " ind2=" ">
      <subfield code="a">calendar ecleziastic</subfield>
    </datafield>
    <datafield tag="650" ind1=" " ind2=" ">
      <subfield code="a">Transilvanice</subfield>
    </datafield>
    <datafield tag="856" ind1=" " ind2=" ">
      <subfield code="u">http://www.dspace.bjastrasibiu.ro/bitstream/123456789/10290/1/BJA_CS_000213_T_0001-0012.pdf</subfield>
    </datafield>
    <datafield tag="995" ind1=" " ind2=" ">
      <subfield code="a">Colecţii Speciale - Transilvanice</subfield>
      <subfield code="D">0.01</subfield>
      <subfield code="e">T00213</subfield>
      <subfield code="F">Sediul_Central_A</subfield>
      <subfield code="j">916 T1</subfield>
      <subfield code="U">Available</subfield>
      <subfield code="W">Feb 18, 2020</subfield>
      <subfield code="y">T00213</subfield>
      <subfield code="Z">Împrumut la Sala</subfield>
    </datafield>
  </record>