
  <record>
    <leader>00000nam a2200000 a 4500</leader>
    <controlfield tag="001">BJSB452711</controlfield>
    <controlfield tag="008">200218s1779####|||||||||||||||||#||####u</controlfield>
    <datafield tag="050" ind1=" " ind2=" ">
      <subfield code="a">94(439.21)"1663/1673"; 94(498.4)"1663/1673"; 929 Rakoczi, fam.; 929 Barcsai, fam.; 929 Kemenyi, fam.;094.1(498.1)</subfield>
    </datafield>
    <datafield tag="100" ind1=" " ind2=" ">
      <subfield code="a">Bethlen, Ioan</subfield>
    </datafield>
    <datafield tag="245" ind1="1" ind2="0">
      <subfield code="a">Comentarii de Rebus Transsilvanicus Proximis ab Obitu Gabrielis Betlenii Triginta Quator Annis Gestis. Pars Prior - Vol. 1</subfield>
      <subfield code="c">Ioannis Com. de Betlen</subfield>
      <subfield code="h">[Carte tipărită]</subfield>
    </datafield>
    <datafield tag="250" ind1=" " ind2=" ">
      <subfield code="a">Ed. nova</subfield>
    </datafield>
    <datafield tag="260" ind1=" " ind2=" ">
      <subfield code="a">Viennae</subfield>
      <subfield code="b">Typis Iosephi Nobilis de Kurzböck</subfield>
      <subfield code="c">1779</subfield>
    </datafield>
    <datafield tag="300" ind1=" " ind2=" ">
      <subfield code="a">XXXII p., 2 pl., 132 p. ; 18 cm</subfield>
    </datafield>
    <datafield tag="500" ind1=" " ind2=" ">
      <subfield code="a">Greșeli de paginație: p. 80 e numerotată 98. Legătura: coperți de carton recent, roase la colțuri; pe cotor se păstrează autorul și titlul cărții: „J. Betlen-Comment.” Observații: Pe recto-ul paginii de titlu - ștampilă dreptunghiulară cu textul: „Biblioteca Astrei”; pe verso-ul paginii de titlu - ștampilă ovală cu textul: „Biblioteca Astra Sibiu”. Pe ultima pagină - ștampilă ovală cu textul: „Biblioteca Astra Sibiu” și ștampilă dreptunghiulară cu textul: „Biblioteca Astra Sibiu”. Cuprinde arborele genealogic al familiilor Rakoczi, Barcsai, Kemenyi</subfield>
    </datafield>
    <datafield tag="650" ind1=" " ind2=" ">
      <subfield code="a">istorie</subfield>
    </datafield>
    <datafield tag="650" ind1=" " ind2=" ">
      <subfield code="a">Transilvanice</subfield>
    </datafield>
    <datafield tag="650" ind1=" " ind2=" ">
      <subfield code="a">genealogie</subfield>
    </datafield>
    <datafield tag="650" ind1=" " ind2=" ">
      <subfield code="a">Kemenyi, familia</subfield>
    </datafield>
    <datafield tag="650" ind1=" " ind2=" ">
      <subfield code="a">istoria Transilvaniei</subfield>
    </datafield>
    <datafield tag="650" ind1=" " ind2=" ">
      <subfield code="a">istoria Ungariei</subfield>
    </datafield>
    <datafield tag="650" ind1=" " ind2=" ">
      <subfield code="a">Rakoczi, familia</subfield>
    </datafield>
    <datafield tag="650" ind1=" " ind2=" ">
      <subfield code="a">Barcsai, familia</subfield>
    </datafield>
    <datafield tag="856" ind1=" " ind2=" ">
      <subfield code="u">http://www.dspace.bjastrasibiu.ro/bitstream/123456789/10636/1/BJA_CS_000238_T_0001-0172.pdf</subfield>
    </datafield>
    <datafield tag="995" ind1=" " ind2=" ">
      <subfield code="a">Colecţii Speciale - Transilvanice</subfield>
      <subfield code="D">0.01</subfield>
      <subfield code="e">T00238</subfield>
      <subfield code="F">Sediul_Central_A</subfield>
      <subfield code="j">524 T1</subfield>
      <subfield code="U">Available</subfield>
      <subfield code="W">Feb 18, 2020</subfield>
      <subfield code="y">T00238</subfield>
      <subfield code="Z">Împrumut la Sala</subfield>
    </datafield>
  </record>