
  <record>
    <leader>00000nam a2200000 a 4500</leader>
    <controlfield tag="001">BJSB452705</controlfield>
    <controlfield tag="008">200218s1820####|||||||||||||||||#||####u</controlfield>
    <datafield tag="050" ind1=" " ind2=" ">
      <subfield code="a">094.1(498); 259</subfield>
    </datafield>
    <datafield tag="100" ind1=" " ind2=" ">
      <subfield code="a">Rudna, Alexander a</subfield>
    </datafield>
    <datafield tag="245" ind1="1" ind2="0">
      <subfield code="a">Alexander Princeps a Rudna et Divek-Ujfalu, miseratione Divina Ecclesiae Metropolitanae Strigoniensis Archi-Episcopus, S. Sedis Apostolicae Legatus Natus, primas Regni Hungariae, ac Secretarius Cancellarius, Inclyti Comitatus Strigoniensis Supremus, ac perpetuus comes, Sacrae Caesareu Regiae Apostolicae Majestatis actualis intimus status, prout et Excelsi Consilii Regii Lucumtenentialis Hungarici...</subfield>
      <subfield code="c">Alexander a Rudna</subfield>
      <subfield code="h">[Carte tipărită]</subfield>
    </datafield>
    <datafield tag="260" ind1=" " ind2=" ">
      <subfield code="a">Alba Iulia</subfield>
      <subfield code="b">[S.n.]</subfield>
      <subfield code="c">1820</subfield>
    </datafield>
    <datafield tag="300" ind1=" " ind2=" ">
      <subfield code="a">[15] f.; 37 cm</subfield>
    </datafield>
    <datafield tag="500" ind1=" " ind2=" ">
      <subfield code="a">Legătura: lipsesc coperțile, se află în folie de protecție. Însemnări: fila 1: Conventui Cibiniensi P. P. Franc. șer. obs.</subfield>
    </datafield>
    <datafield tag="650" ind1=" " ind2=" ">
      <subfield code="a">registre parohiale</subfield>
    </datafield>
    <datafield tag="650" ind1=" " ind2=" ">
      <subfield code="a">teologie</subfield>
    </datafield>
    <datafield tag="650" ind1=" " ind2=" ">
      <subfield code="a">Transilvanice</subfield>
    </datafield>
    <datafield tag="995" ind1=" " ind2=" ">
      <subfield code="a">Colecţii Speciale - Transilvanice</subfield>
      <subfield code="D">0.01</subfield>
      <subfield code="e">T00214</subfield>
      <subfield code="F">Sediul_Central_A</subfield>
      <subfield code="j">917 T1</subfield>
      <subfield code="U">Available</subfield>
      <subfield code="W">Feb 18, 2020</subfield>
      <subfield code="y">T00214</subfield>
      <subfield code="Z">Împrumut la Sala</subfield>
    </datafield>
  </record>