
  <record>
    <leader>00000nam a2200000 a 4500</leader>
    <controlfield tag="001">BJSB452699</controlfield>
    <controlfield tag="008">200218s1793####|||||||||||||||||#||####u</controlfield>
    <datafield tag="050" ind1=" " ind2=" ">
      <subfield code="a">094.1(498); 22; 22.06</subfield>
    </datafield>
    <datafield tag="100" ind1=" " ind2=" ">
      <subfield code="a">Winkler, Ignatii; Hilbert, Joannis; Martonfi, Petri</subfield>
    </datafield>
    <datafield tag="245" ind1="1" ind2="0">
      <subfield code="a">Assertiones Theologicae, et Scripturisticae quas Coram Excellentissimo, Illustrissimo, ac Reverendissimo Domino Domino Comite Episcopo Transsilvaniae, universoque Venerab. Cleri Transsilvanien. Conventu Ex praelectionibus A. R. D. Winkler Theologiae Dogmaticae Professoris, A. R. D. Joannis Hilbert Sacrae Scripturae Professoris, A. R. D. Petri Martonfi Theologiae Moralis et SS. Canonum Professoris A. Carolinae in Scholis Episcopalisbus...</subfield>
      <subfield code="c">Ignatii Winkler, Joannis Hilbert, Petri Martonfi</subfield>
      <subfield code="h">[Carte tipărită]</subfield>
    </datafield>
    <datafield tag="260" ind1=" " ind2=" ">
      <subfield code="a">Alba-Iulia</subfield>
      <subfield code="b">Albo Carolinae Typis Episcopalibus</subfield>
      <subfield code="c">1793</subfield>
    </datafield>
    <datafield tag="300" ind1=" " ind2=" ">
      <subfield code="a">[2] f.; 91 p. ; 21 cm</subfield>
    </datafield>
    <datafield tag="500" ind1=" " ind2=" ">
      <subfield code="a">Legătura: coperți din carton recent marmorat. Însemnări: fila de titlu, Conventus Cibiniensi.</subfield>
    </datafield>
    <datafield tag="650" ind1=" " ind2=" ">
      <subfield code="a">exegeză biblică</subfield>
    </datafield>
    <datafield tag="650" ind1=" " ind2=" ">
      <subfield code="a">Biblia</subfield>
    </datafield>
    <datafield tag="650" ind1=" " ind2=" ">
      <subfield code="a">Transilvanice</subfield>
    </datafield>
    <datafield tag="650" ind1=" " ind2=" ">
      <subfield code="a">teologie</subfield>
    </datafield>
    <datafield tag="995" ind1=" " ind2=" ">
      <subfield code="a">Colecţii Speciale - Transilvanice</subfield>
      <subfield code="D">0.01</subfield>
      <subfield code="e">T00004</subfield>
      <subfield code="F">Sediul_Central_A</subfield>
      <subfield code="j">102 T1</subfield>
      <subfield code="U">Available</subfield>
      <subfield code="W">Feb 18, 2020</subfield>
      <subfield code="y">T00004</subfield>
      <subfield code="Z">Împrumut la Sala</subfield>
    </datafield>
  </record>