
  <record>
    <leader>00000nam a2200000 a 4500</leader>
    <controlfield tag="001">BJSB452670</controlfield>
    <controlfield tag="008">200217s1761####|||||||||||||||||#||####u</controlfield>
    <datafield tag="050" ind1=" " ind2=" ">
      <subfield code="a">094.1(498); 261.7</subfield>
    </datafield>
    <datafield tag="100" ind1=" " ind2=" ">
      <subfield code="a">Maximiliani Fredo Andreae</subfield>
    </datafield>
    <datafield tag="245" ind1="1" ind2="0">
      <subfield code="a">Andreae Maximiliani Fredo Castellani Leopoliensis Norma Politici Christiani distributa ab Alexio Georgo Schreger e Conv. Nobil. Ungaro Aradinensi Philos. Baccalaureo, cum Universam Philosophiam propugnaret. Praeside R. P. Stephano Kaprinai e Soc. Jesu, Philos: Doctore, &amp; in Univ. Claudiopolitano professore Seniore, Anno M.DCC.LI</subfield>
      <subfield code="c">Andreae Maximiliani Fredo; editor Stephano Kaprinai</subfield>
      <subfield code="h">[Carte tipărită]</subfield>
    </datafield>
    <datafield tag="260" ind1=" " ind2=" ">
      <subfield code="a">Cluj</subfield>
      <subfield code="b">Typis Academicis Societ. Jesu</subfield>
      <subfield code="c">1761</subfield>
    </datafield>
    <datafield tag="300" ind1=" " ind2=" ">
      <subfield code="a">[2] f.; 164 p.; [8] f.; il. ; 17 cm</subfield>
    </datafield>
    <datafield tag="500" ind1=" " ind2=" ">
      <subfield code="a">Legătura: cperți din carton recent legat în piele. Însemnări: fila de titlu: Conventus Claudiop. ord. Min. [...] obs. in o vax.</subfield>
    </datafield>
    <datafield tag="650" ind1=" " ind2=" ">
      <subfield code="a">teologie</subfield>
    </datafield>
    <datafield tag="650" ind1=" " ind2=" ">
      <subfield code="a">Transilvanice</subfield>
    </datafield>
    <datafield tag="650" ind1=" " ind2=" ">
      <subfield code="a">biserica şi statul</subfield>
    </datafield>
    <datafield tag="856" ind1=" " ind2=" ">
      <subfield code="u">http://www.dspace.bjastrasibiu.ro/bitstream/123456789/10408/1/BJA_CS_000067A_T_0001-0153.pdf</subfield>
    </datafield>
    <datafield tag="995" ind1=" " ind2=" ">
      <subfield code="a">Colecţii Speciale - Transilvanice</subfield>
      <subfield code="D">0.01</subfield>
      <subfield code="e">T00067</subfield>
      <subfield code="F">Sediul_Central_A</subfield>
      <subfield code="j">256 T1</subfield>
      <subfield code="U">Available</subfield>
      <subfield code="W">Feb 17, 2020</subfield>
      <subfield code="y">T00067A</subfield>
      <subfield code="Z">Împrumut la Sala</subfield>
    </datafield>
  </record>