
  <record>
    <leader>00000nam a2200000 a 4500</leader>
    <controlfield tag="001">BJSB452667</controlfield>
    <controlfield tag="008">200217s1761####|||||||||||||||||#||####u</controlfield>
    <datafield tag="050" ind1=" " ind2=" ">
      <subfield code="a">094.1(498); 161/162</subfield>
    </datafield>
    <datafield tag="100" ind1=" " ind2=" ">
      <subfield code="a">Duns-Scoti, Joannis</subfield>
    </datafield>
    <datafield tag="245" ind1="1" ind2="0">
      <subfield code="a">Assertiones ex Universa Aristotelis Logica ad mentem Joannis Duns-Scoti Minoritae Conventualis quas in Venerabili Conventu Bistricziensi ad S. Joannem Nepomucenum Ordinis Minor S. P. Francisci Conventualium publice exagitationi exposuerunt. VV. ac RR. FF. Corsinus Rezner, Salesius Suchanyi, Balthasar Kovacs, Hugolinus Hocsai... </subfield>
      <subfield code="c">Joannis Duns-Scoti; editori Corsinus Rezner, Salesius Suchenyi, Balthasar Kovacs</subfield>
      <subfield code="h">[Carte tipărită]</subfield>
    </datafield>
    <datafield tag="260" ind1=" " ind2=" ">
      <subfield code="a">Cluj</subfield>
      <subfield code="b">Typis Academicis Soc. Jesu</subfield>
      <subfield code="c">1761</subfield>
    </datafield>
    <datafield tag="300" ind1=" " ind2=" ">
      <subfield code="a">[12] f.; 264 p. ; 17 cm</subfield>
    </datafield>
    <datafield tag="500" ind1=" " ind2=" ">
      <subfield code="a">Legătura: coperți din carton recent marmorat. Însemnări: coperta 2: Confet V. Conventu RR PL Franciscanus Cibiniensi; fila de titlu: Mics. Medve 1770.</subfield>
    </datafield>
    <datafield tag="650" ind1=" " ind2=" ">
      <subfield code="a">elemente fundamentale ale logicii</subfield>
    </datafield>
    <datafield tag="650" ind1=" " ind2=" ">
      <subfield code="a">Logica</subfield>
    </datafield>
    <datafield tag="650" ind1=" " ind2=" ">
      <subfield code="a">Transilvanice</subfield>
    </datafield>
    <datafield tag="995" ind1=" " ind2=" ">
      <subfield code="a">Colecţii Speciale - Transilvanice</subfield>
      <subfield code="D">0.01</subfield>
      <subfield code="e">T00059</subfield>
      <subfield code="F">Sediul_Central_A</subfield>
      <subfield code="j">248 T1</subfield>
      <subfield code="U">Available</subfield>
      <subfield code="W">Feb 17, 2020</subfield>
      <subfield code="y">T00059A</subfield>
      <subfield code="Z">Împrumut la Sala</subfield>
    </datafield>
  </record>