
  <record>
    <leader>00000nam a2200000 a 4500</leader>
    <controlfield tag="001">BJSB452655</controlfield>
    <controlfield tag="008">200217s1741####|||||||||||||||||#||####u</controlfield>
    <datafield tag="050" ind1=" " ind2=" ">
      <subfield code="a">094.1(498); 94(498.4); 94(439)</subfield>
    </datafield>
    <datafield tag="100" ind1=" " ind2=" ">
      <subfield code="a">Kornis Istvan</subfield>
    </datafield>
    <datafield tag="245" ind1="1" ind2="0">
      <subfield code="a">Hútes Korona az az: Igaz Keresztény hitu nagy érdemu Nehai Gönz-Ruszkai Méltóságós Kegyelmes Kornis István ur Felséges örökös Fejedelmúnk Maria Theresia Guberniumba, ö Felsége (és Status) valóságos Belsö Titkos Tanácsossa; arany Kúltsos Cubiculariussa. Nemes Hazánknak húszon hét Esztendök alatt Provincialis Commnissariussa, éz ez folyó Esztendöbéli Diaetán decretáliter let Statusok…</subfield>
      <subfield code="c">Kornis Istvan; tipograf Becskereki Mihaly</subfield>
      <subfield code="h">[Carte tipărită]</subfield>
    </datafield>
    <datafield tag="260" ind1=" " ind2=" ">
      <subfield code="a">Cluj</subfield>
      <subfield code="b">Az Academiai Botukkel</subfield>
      <subfield code="c">1741</subfield>
    </datafield>
    <datafield tag="300" ind1=" " ind2=" ">
      <subfield code="a">[31] f. ; 19 cm</subfield>
    </datafield>
    <datafield tag="500" ind1=" " ind2=" ">
      <subfield code="a">Legătura: coperți din carton recent de culoare neagră.</subfield>
    </datafield>
    <datafield tag="650" ind1=" " ind2=" ">
      <subfield code="a">istoria Transilvaniei</subfield>
    </datafield>
    <datafield tag="650" ind1=" " ind2=" ">
      <subfield code="a">Transilvanice</subfield>
    </datafield>
    <datafield tag="650" ind1=" " ind2=" ">
      <subfield code="a">istorie</subfield>
    </datafield>
    <datafield tag="650" ind1=" " ind2=" ">
      <subfield code="a">istoria Ungariei</subfield>
    </datafield>
    <datafield tag="856" ind1=" " ind2=" ">
      <subfield code="u">http://www.dspace.bjastrasibiu.ro/bitstream/123456789/10538/1/BJA_CS_000072_T_0001-0066.pdf</subfield>
    </datafield>
    <datafield tag="995" ind1=" " ind2=" ">
      <subfield code="a">Colecţii Speciale - Transilvanice</subfield>
      <subfield code="D">0.01</subfield>
      <subfield code="e">T00072</subfield>
      <subfield code="F">Sediul_Central_A</subfield>
      <subfield code="j">260 T1</subfield>
      <subfield code="U">Available</subfield>
      <subfield code="W">Feb 17, 2020</subfield>
      <subfield code="y">T00072</subfield>
      <subfield code="Z">Împrumut la Sala</subfield>
    </datafield>
  </record>