
  <record>
    <leader>00000nam a2200000 a 4500</leader>
    <controlfield tag="001">BJSB452654</controlfield>
    <controlfield tag="008">200217s1735####|||||||||||||||||#||####u</controlfield>
    <datafield tag="050" ind1=" " ind2=" ">
      <subfield code="a">094.1(498); 215; 241.13</subfield>
    </datafield>
    <datafield tag="100" ind1=" " ind2=" ">
      <subfield code="a">Duns-Scoti, Joannis</subfield>
    </datafield>
    <datafield tag="245" ind1="1" ind2="0">
      <subfield code="a">Scientiasecum quae est Conscientia, seu Proxima regula morum. Cum adjunctis Thesibus ex Universa Theologia ad mentem Joannis Duns-Scoti doctoris Mariano-Subtilis, pro quibus in Conventu Vetero-Claudiopolitano B. V. Mariae ad Nives. Praeside P. F. Joachimo Botar, Ordinis Minorum S. P. N. Francisci Strictoris Observantiae, SS. Theologiae Lectore Ordinario, Post decursum SS. Theologiae quadriennium in arenam descenderunt PP. FF. Mathaeus Sukosd, &amp; Raphael Balas...</subfield>
      <subfield code="c">Joannis Duns-Scoti; editor Joachimo Botar; tipograf Simonem Thadaeum Weichenberg</subfield>
      <subfield code="h">[Carte tipărită]</subfield>
    </datafield>
    <datafield tag="260" ind1=" " ind2=" ">
      <subfield code="a">Cluj</subfield>
      <subfield code="b">Typis Academicis Societatis Jesu</subfield>
      <subfield code="c">1735</subfield>
    </datafield>
    <datafield tag="300" ind1=" " ind2=" ">
      <subfield code="a">[8] f.; 148 p. ; 20 cm</subfield>
    </datafield>
    <datafield tag="500" ind1=" " ind2=" ">
      <subfield code="a">Legătura: coperți din carton recent.</subfield>
    </datafield>
    <datafield tag="650" ind1=" " ind2=" ">
      <subfield code="a">teologie morală</subfield>
    </datafield>
    <datafield tag="650" ind1=" " ind2=" ">
      <subfield code="a">teologie</subfield>
    </datafield>
    <datafield tag="650" ind1=" " ind2=" ">
      <subfield code="a">Transilvanice</subfield>
    </datafield>
    <datafield tag="650" ind1=" " ind2=" ">
      <subfield code="a">moralitatea actelor</subfield>
    </datafield>
    <datafield tag="650" ind1=" " ind2=" ">
      <subfield code="a">religie şi ştiinţă</subfield>
    </datafield>
    <datafield tag="856" ind1=" " ind2=" ">
      <subfield code="u">http://www.dspace.bjastrasibiu.ro/bitstream/123456789/10546/3/BJA_CS_000080_T_0001_0172.pdf</subfield>
    </datafield>
    <datafield tag="995" ind1=" " ind2=" ">
      <subfield code="a">Colecţii Speciale - Transilvanice</subfield>
      <subfield code="D">0.01</subfield>
      <subfield code="e">T00080</subfield>
      <subfield code="F">Sediul_Central_A</subfield>
      <subfield code="j">268 T1</subfield>
      <subfield code="U">Available</subfield>
      <subfield code="W">Feb 17, 2020</subfield>
      <subfield code="y">T00080</subfield>
      <subfield code="Z">Împrumut la Sala</subfield>
    </datafield>
  </record>