
  <record>
    <leader>00000nam a2200000 a 4500</leader>
    <controlfield tag="001">BJSB452645</controlfield>
    <controlfield tag="008">200217s1743####|||||||||||||||||#||####u</controlfield>
    <datafield tag="050" ind1=" " ind2=" ">
      <subfield code="a">094.1(498); 265.31/34; 265; 271.12</subfield>
    </datafield>
    <datafield tag="100" ind1=" " ind2=" ">
      <subfield code="a">Ardia, Antonio</subfield>
    </datafield>
    <datafield tag="245" ind1="1" ind2="0">
      <subfield code="a">Tripartita Tuba Catechetica, id est: Explicatio Doctrinae Christianae. Pars Tertia de Septem Sacramentis. R. P. Antonio Ardia e Societate Jesu Italice primum edita, postmodum a quodam Religioso Cisterciensi latine reddita; &amp; Auditoribus oblata</subfield>
      <subfield code="c">Antonio Ardia; tipograf Michaelem Becskereki</subfield>
      <subfield code="h">[Carte tipărită]</subfield>
    </datafield>
    <datafield tag="260" ind1=" " ind2=" ">
      <subfield code="a">Cluj</subfield>
      <subfield code="b">Typis Academicis S. J.</subfield>
      <subfield code="c">1743</subfield>
    </datafield>
    <datafield tag="300" ind1=" " ind2=" ">
      <subfield code="a">[4] f.; 568 p.; [16] f. ; 19 cm</subfield>
    </datafield>
    <datafield tag="500" ind1=" " ind2=" ">
      <subfield code="a">Legătura: coperți din carton recent marmorat. Însemnări: fila de titlu: Residencia 9 Mye Pataensis O. S. Pauli P. E. 1768; Ex Libris Demetry Poesii S. P. P. E. P. 1745</subfield>
    </datafield>
    <datafield tag="650" ind1=" " ind2=" ">
      <subfield code="a">Transilvanice</subfield>
    </datafield>
    <datafield tag="650" ind1=" " ind2=" ">
      <subfield code="a">doctrina catolică</subfield>
    </datafield>
    <datafield tag="650" ind1=" " ind2=" ">
      <subfield code="a">ordinul cistercian</subfield>
    </datafield>
    <datafield tag="650" ind1=" " ind2=" ">
      <subfield code="a">sacramente</subfield>
    </datafield>
    <datafield tag="856" ind1=" " ind2=" ">
      <subfield code="u">http://www.dspace.bjastrasibiu.ro/bitstream/123456789/10547/1/BJA_CS_000073_T_0001_0618.pdf</subfield>
    </datafield>
    <datafield tag="995" ind1=" " ind2=" ">
      <subfield code="a">Colecţii Speciale - Transilvanice</subfield>
      <subfield code="D">0.01</subfield>
      <subfield code="e">T00073</subfield>
      <subfield code="F">Sediul_Central_A</subfield>
      <subfield code="j">261 T1</subfield>
      <subfield code="U">Available</subfield>
      <subfield code="W">Feb 17, 2020</subfield>
      <subfield code="y">T00073</subfield>
      <subfield code="Z">Împrumut la Sala</subfield>
    </datafield>
  </record>