
  <record>
    <leader>00000nam a2200000 a 4500</leader>
    <controlfield tag="001">BJSB452606</controlfield>
    <controlfield tag="008">200217s1732####|||||||||||||||||#||####u</controlfield>
    <datafield tag="050" ind1=" " ind2=" ">
      <subfield code="a">094.1(498); 265.31/34</subfield>
    </datafield>
    <datafield tag="100" ind1=" " ind2=" ">
      <subfield code="a">Vest, Samuelis</subfield>
    </datafield>
    <datafield tag="245" ind1="1" ind2="0">
      <subfield code="a">Theologia catholica Indifferentem, &amp; alium quemvis Errantem ad unicam fidem salvificam, &amp; veram cum Romana Christi Ecclesia pacem manducens. Magnificentissimis Honoribus Illustrissimi Domini Samuelis Vest, Excelsi Regij Gubernij Transylvanici Actualis Intimi Consiliarij. &amp;c. &amp;c. Dum In Alma, ac Regio-Princip. S. J. Academia Claudiopolitana, Universae Phil. positiones. Nob., ac Eruditis Dominus Daniel Lamszki AA. &amp; Philosophiae Baccalaureus, ac pro suprema ejusdem Laurea candidatus publice defenderet...</subfield>
      <subfield code="c">Samuelis Vest; editor Daniel Lamszki; tipograf Simonem Thaddaeum Weichenberg</subfield>
      <subfield code="h">[Carte tipărită]</subfield>
    </datafield>
    <datafield tag="260" ind1=" " ind2=" ">
      <subfield code="a">Cluj</subfield>
      <subfield code="b">Typis Academicis Societatis Jesu</subfield>
      <subfield code="c">1732</subfield>
    </datafield>
    <datafield tag="300" ind1=" " ind2=" ">
      <subfield code="a">[4] f.; p. 145-488; 16 cm</subfield>
    </datafield>
    <datafield tag="500" ind1=" " ind2=" ">
      <subfield code="a">Legătura: coperți din carton recent marmorat. Însemnări: fila de titlu: Conventus Cibiniensis; fila de gardă de la sfârșitul cărții: Joannes Desbyan Anno Domin 1732 die 31 Iuly Donavit Kap</subfield>
    </datafield>
    <datafield tag="650" ind1=" " ind2=" ">
      <subfield code="a">doctrina catolică</subfield>
    </datafield>
    <datafield tag="650" ind1=" " ind2=" ">
      <subfield code="a">teologie catolică</subfield>
    </datafield>
    <datafield tag="650" ind1=" " ind2=" ">
      <subfield code="a">teologie</subfield>
    </datafield>
    <datafield tag="650" ind1=" " ind2=" ">
      <subfield code="a">Transilvanice</subfield>
    </datafield>
    <datafield tag="856" ind1=" " ind2=" ">
      <subfield code="u">http://www.dspace.bjastrasibiu.ro/bitstream/123456789/10570/1/BJA_CS_000042_T_0001_0358.pdf</subfield>
    </datafield>
    <datafield tag="995" ind1=" " ind2=" ">
      <subfield code="a">Colecţii Speciale - Transilvanice</subfield>
      <subfield code="D">0.01</subfield>
      <subfield code="e">T00042</subfield>
      <subfield code="F">Sediul_Central_A</subfield>
      <subfield code="j">235 T1</subfield>
      <subfield code="U">Available</subfield>
      <subfield code="W">Feb 17, 2020</subfield>
      <subfield code="y">T00042</subfield>
      <subfield code="Z">Împrumut la Sala</subfield>
    </datafield>
  </record>