
  <record>
    <leader>00000nam a2200000 a 4500</leader>
    <controlfield tag="001">BJSB452591</controlfield>
    <controlfield tag="008">200214s1736####|||||||||||||||||#||####u</controlfield>
    <datafield tag="050" ind1=" " ind2=" ">
      <subfield code="a">094.1(498); 265.31/34; 265.39</subfield>
    </datafield>
    <datafield tag="100" ind1=" " ind2=" ">
      <subfield code="a">Andreas Istvanfi</subfield>
    </datafield>
    <datafield tag="245" ind1="1" ind2="0">
      <subfield code="a">Motiva quinquaginta Ad Praeligendam Romano-Catholicam Religionem Primae omnium Mortalium utilitari Catholicis ut in Fide firmentur: Acatholicis, ut ab errore revocentur. Munificentia spectabilis, ac Perillustris Domini Theopistophili de Smaragdis Publica denuo luce donata. Dum Rev. Nob. ac Eruditis D. Andreas Istanfi Theologiae Polemicae Auditor In Alma ac Regio-principali Universitate Claudiopolitana S. J. Controversias Fidei de Ecclesia Christi Militante publice propugnares sub R. P. Francisco Fassching..</subfield>
      <subfield code="c">Andreas Istvanfi; editor Francisco Fassching</subfield>
      <subfield code="h">[Carte tipărită]</subfield>
    </datafield>
    <datafield tag="260" ind1=" " ind2=" ">
      <subfield code="a">Cluj</subfield>
      <subfield code="b">Typis Academicis Soc. Jesu</subfield>
      <subfield code="c">1736</subfield>
    </datafield>
    <datafield tag="300" ind1=" " ind2=" ">
      <subfield code="a">[4] f.; 149 p. ; 16 cm</subfield>
    </datafield>
    <datafield tag="500" ind1=" " ind2=" ">
      <subfield code="a">Legătura: coperți din carton recent marmorat. Însemnări: fila de titlu: Conventu Cibiniensi</subfield>
    </datafield>
    <datafield tag="650" ind1=" " ind2=" ">
      <subfield code="a">Transilvanice</subfield>
    </datafield>
    <datafield tag="650" ind1=" " ind2=" ">
      <subfield code="a">doctrine necatolice</subfield>
    </datafield>
    <datafield tag="650" ind1=" " ind2=" ">
      <subfield code="a">teologie</subfield>
    </datafield>
    <datafield tag="650" ind1=" " ind2=" ">
      <subfield code="a">doctrine catolice</subfield>
    </datafield>
    <datafield tag="995" ind1=" " ind2=" ">
      <subfield code="a">Colecţii Speciale - Transilvanice</subfield>
      <subfield code="D">0.01</subfield>
      <subfield code="e">T00051</subfield>
      <subfield code="F">Sediul_Central_A</subfield>
      <subfield code="j">240 T1</subfield>
      <subfield code="U">Available</subfield>
      <subfield code="W">Feb 14, 2020</subfield>
      <subfield code="y">T00051</subfield>
      <subfield code="Z">Împrumut la Sala</subfield>
    </datafield>
  </record>