
  <record>
    <leader>00000nam a2200000 a 4500</leader>
    <controlfield tag="001">BJSB452589</controlfield>
    <controlfield tag="008">200214s1663####|||||||||||||||||#||####u</controlfield>
    <datafield tag="050" ind1=" " ind2=" ">
      <subfield code="a">94(439.31)"1629/1663"</subfield>
    </datafield>
    <datafield tag="100" ind1=" " ind2=" ">
      <subfield code="a">Bethlen, Ioan</subfield>
    </datafield>
    <datafield tag="245" ind1="1" ind2="0">
      <subfield code="a">Rerum Transylvanicarum Libri Quatuor, Continentes res gestas Principum ejusdem ab Anno 1629 usque ad An.1663.</subfield>
      <subfield code="c">Joanne Betlenio, Comite Comitatus Albensis, regni Transylvaniae Consiliario, Cancellario, ac Sedis Siculicalis Udvarhely Capitaneo Supremo, &amp;c. </subfield>
      <subfield code="h">[Carte tipărită]</subfield>
    </datafield>
    <datafield tag="260" ind1=" " ind2=" ">
      <subfield code="a">[S.l.]</subfield>
      <subfield code="b">[S.n.]</subfield>
      <subfield code="c">1663</subfield>
    </datafield>
    <datafield tag="300" ind1=" " ind2=" ">
      <subfield code="a">455 p. ; 13 cm</subfield>
    </datafield>
    <datafield tag="500" ind1=" " ind2=" ">
      <subfield code="a">Greșeli de paginație: p. 242 e numerotată 442; p. 258 e numerotată 248; p. 351 e numerotată 451; p. 354 e numerotată 344; p. 355 e numerotată 345; p. 378 e numerotată 387; p. 385 e numerotată 538; p. 393 e numerotată 339. Legătura: coperți din carton învelite în piele, stare de conservare bună. Observații: pe recto-ul paginii de titlu: ex-libris ilizibil.</subfield>
    </datafield>
    <datafield tag="650" ind1=" " ind2=" ">
      <subfield code="a">Evul Mediu</subfield>
    </datafield>
    <datafield tag="650" ind1=" " ind2=" ">
      <subfield code="a">istorie</subfield>
    </datafield>
    <datafield tag="650" ind1=" " ind2=" ">
      <subfield code="a">istoria Transilvaniei</subfield>
    </datafield>
    <datafield tag="650" ind1=" " ind2=" ">
      <subfield code="a">istoria Ungariei</subfield>
    </datafield>
    <datafield tag="995" ind1=" " ind2=" ">
      <subfield code="a">Colecţii Speciale - Transilvanice</subfield>
      <subfield code="D">0.01</subfield>
      <subfield code="e">T00240</subfield>
      <subfield code="F">Sediul_Central_A</subfield>
      <subfield code="j">526 T1</subfield>
      <subfield code="U">Available</subfield>
      <subfield code="W">Feb 18, 2020</subfield>
      <subfield code="y">T00240</subfield>
      <subfield code="Z">Împrumut la Sala</subfield>
    </datafield>
  </record>