
  <record>
    <leader>00000nam a2200000 a 4500</leader>
    <controlfield tag="001">BJSB452581</controlfield>
    <controlfield tag="008">200214s1727####|||||||||||||||||#||####u</controlfield>
    <datafield tag="050" ind1=" " ind2=" ">
      <subfield code="a">094.1(498); 254.4</subfield>
    </datafield>
    <datafield tag="100" ind1=" " ind2=" ">
      <subfield code="a">Fornario, Martino</subfield>
    </datafield>
    <datafield tag="245" ind1="1" ind2="0">
      <subfield code="a">Institutio confessariorum. Ea continens, quae ad praxim audiendi confessiones pertinent. Martino Fornario Brundusino Soc. Jesu Auctore. Cum brevi Instructione Clericorum ex epist. D, Hieron. ad Nepotian. Repressa.</subfield>
      <subfield code="c">Martino Fornario; tipograf Bernard Weilhamer</subfield>
      <subfield code="h">[Carte tipărită]</subfield>
    </datafield>
    <datafield tag="260" ind1=" " ind2=" ">
      <subfield code="a">Cluj</subfield>
      <subfield code="b">Typis Acad. S. J.</subfield>
      <subfield code="c">1727</subfield>
    </datafield>
    <datafield tag="300" ind1=" " ind2=" ">
      <subfield code="a">[2] f.; 138 p. ; 13 cm</subfield>
    </datafield>
    <datafield tag="500" ind1=" " ind2=" ">
      <subfield code="a">Legătura: coperți din carton legate în piele. Însemnări: fila de titlu: Ex Libri Petri And[...]</subfield>
    </datafield>
    <datafield tag="650" ind1=" " ind2=" ">
      <subfield code="a">teologie</subfield>
    </datafield>
    <datafield tag="650" ind1=" " ind2=" ">
      <subfield code="a">formarea preotului</subfield>
    </datafield>
    <datafield tag="650" ind1=" " ind2=" ">
      <subfield code="a">Transilvanice</subfield>
    </datafield>
    <datafield tag="856" ind1=" " ind2=" ">
      <subfield code="u">http://www.dspace.bjastrasibiu.ro/bitstream/123456789/10544/1/BJA_CS_000018_T_0001_0200.pdf</subfield>
    </datafield>
    <datafield tag="995" ind1=" " ind2=" ">
      <subfield code="a">Colecţii Speciale - Transilvanice</subfield>
      <subfield code="D">0.01</subfield>
      <subfield code="e">T00018</subfield>
      <subfield code="F">Sediul_Central_A</subfield>
      <subfield code="j">207 T1</subfield>
      <subfield code="U">Available</subfield>
      <subfield code="W">Feb 14, 2020</subfield>
      <subfield code="y">T00018</subfield>
      <subfield code="Z">Împrumut la Sala</subfield>
    </datafield>
  </record>