
  <record>
    <leader>00000nam a2200000 a 4500</leader>
    <controlfield tag="001">BJSB452580</controlfield>
    <controlfield tag="008">200214s1768####|||||||||||||||||#||####u</controlfield>
    <datafield tag="050" ind1=" " ind2=" ">
      <subfield code="a">282:238.1; 094.1(498.4)</subfield>
    </datafield>
    <datafield tag="100" ind1=" " ind2=" ">
      <subfield code="a">Canisius, Petrus</subfield>
    </datafield>
    <datafield tag="245" ind1="1" ind2="0">
      <subfield code="a">Allgemein- nothwendigen Frag- Büchlein, Uber Die Fünf Hauptstück V. Petri Canisii e Soc. Jesu. In drey Schulen ordentlich eingetheilet; Zum Gebrauch Aller Pfarren und Schulen der Siebenbürgischen Dioeces</subfield>
      <subfield code="c">Petrus Canisius</subfield>
      <subfield code="h">[Carte tipărită]</subfield>
    </datafield>
    <datafield tag="260" ind1=" " ind2=" ">
      <subfield code="a">Clausenburg [Cluj-Napoca]</subfield>
      <subfield code="b">Gedruckt in der Acad. Coll. Buchdruckerey, der Gesellschaft Jesu</subfield>
      <subfield code="c">1768</subfield>
    </datafield>
    <datafield tag="300" ind1=" " ind2=" ">
      <subfield code="a">166 p. ; 14 cm</subfield>
    </datafield>
    <datafield tag="500" ind1=" " ind2=" ">
      <subfield code="a">Greșeli de paginație: pagina 37 e numerotată 39. Legătura: coperți din carton învelit în hârtie marmorată; cotor de piele cu 6 binduri false Însemnări: pe cop. 3: text indescifrabil cu cerneală neagră Observații: Pe recto-ul paginii de titlu și pe ultima pagină - ștampilă ovală cu textul: „Biblioteca Astra Sibiu”</subfield>
    </datafield>
    <datafield tag="650" ind1=" " ind2=" ">
      <subfield code="a">teologie</subfield>
    </datafield>
    <datafield tag="650" ind1=" " ind2=" ">
      <subfield code="a">Transilvanice</subfield>
    </datafield>
    <datafield tag="650" ind1=" " ind2=" ">
      <subfield code="a">doctrina catolică</subfield>
    </datafield>
    <datafield tag="650" ind1=" " ind2=" ">
      <subfield code="a">teologie dogmatică</subfield>
    </datafield>
    <datafield tag="650" ind1=" " ind2=" ">
      <subfield code="a">catehism</subfield>
    </datafield>
    <datafield tag="995" ind1=" " ind2=" ">
      <subfield code="a">Colecţii Speciale - Transilvanice</subfield>
      <subfield code="D">0.01</subfield>
      <subfield code="e">T00032</subfield>
      <subfield code="F">Sediul_Central_A</subfield>
      <subfield code="j">221 T1</subfield>
      <subfield code="U">Available</subfield>
      <subfield code="W">Jun 12, 2020</subfield>
      <subfield code="y">T00032</subfield>
      <subfield code="Z">Împrumut la Sala</subfield>
    </datafield>
  </record>