
  <record>
    <leader>00000nam a2200000 a 4500</leader>
    <controlfield tag="001">BJSB452572</controlfield>
    <controlfield tag="008">200214s1738####|||||||||||||||||#||####u</controlfield>
    <datafield tag="050" ind1=" " ind2=" ">
      <subfield code="a">094.1(498); 232.931</subfield>
    </datafield>
    <datafield tag="100" ind1=" " ind2=" ">
      <subfield code="a">Biro, Stephanus</subfield>
    </datafield>
    <datafield tag="245" ind1="1" ind2="0">
      <subfield code="a">Saeculum Marianum, sodalium Virtutibus Coronatum, Editum primim in lucem Anno Saeculari a Congregatione Tridentina, nunc vero, Dum In Alma, ac Regio-Principali Soc. J. Academia Claudiopolitana Positiones Universae Philosophiae publice propugnaret Nob. ac Erud. D. Stephanus Biro AA. LL. &amp; Philosophiae Baccalaureus, nec non pro suprema ejusdem laurea candidatus, Praeside R. P. Nicolao Janosi e Soc. Jesu AA. LL. &amp; Philosophiae Doctore, ejusdemque Professore ordinario, &amp; p. t. seniore...</subfield>
      <subfield code="c">Stephanus Biro; editor Nicolao Janosi</subfield>
      <subfield code="h">[Carte tipărită]</subfield>
    </datafield>
    <datafield tag="260" ind1=" " ind2=" ">
      <subfield code="a">Cluj</subfield>
      <subfield code="b">Typis Academicis Soc. Jesu</subfield>
      <subfield code="c">1738</subfield>
    </datafield>
    <datafield tag="300" ind1=" " ind2=" ">
      <subfield code="a">[20] f.; 336 p.; [1] f. ; 13 cm</subfield>
    </datafield>
    <datafield tag="500" ind1=" " ind2=" ">
      <subfield code="a">Legătura: coperți din carton legate în piele. Însemnări: [2] f.: Ex libris Petri [...]</subfield>
    </datafield>
    <datafield tag="650" ind1=" " ind2=" ">
      <subfield code="a">cristologie</subfield>
    </datafield>
    <datafield tag="650" ind1=" " ind2=" ">
      <subfield code="a">teologie</subfield>
    </datafield>
    <datafield tag="650" ind1=" " ind2=" ">
      <subfield code="a">Fecioara Maria</subfield>
    </datafield>
    <datafield tag="650" ind1=" " ind2=" ">
      <subfield code="a">Transilvanice</subfield>
    </datafield>
    <datafield tag="856" ind1=" " ind2=" ">
      <subfield code="u">http://www.dspace.bjastrasibiu.ro/bitstream/123456789/10545/1/BJA_CS_000022_T_0001_0386.pdf</subfield>
    </datafield>
    <datafield tag="995" ind1=" " ind2=" ">
      <subfield code="a">Colecţii Speciale - Transilvanice</subfield>
      <subfield code="D">0.01</subfield>
      <subfield code="e">T00022</subfield>
      <subfield code="F">Sediul_Central_A</subfield>
      <subfield code="j">211 T1</subfield>
      <subfield code="U">Available</subfield>
      <subfield code="W">Feb 14, 2020</subfield>
      <subfield code="y">T00022</subfield>
      <subfield code="Z">Împrumut la Sala</subfield>
    </datafield>
  </record>