
  <record>
    <leader>00000nam a2200000 a 4500</leader>
    <controlfield tag="001">BJSB452556</controlfield>
    <controlfield tag="008">200214s1735####|||||||||||||||||#||####u</controlfield>
    <datafield tag="050" ind1=" " ind2=" ">
      <subfield code="a">094.1(498); 261.7(498.4)</subfield>
    </datafield>
    <datafield tag="100" ind1=" " ind2=" ">
      <subfield code="a">Lessio, Leonardo</subfield>
    </datafield>
    <datafield tag="245" ind1="1" ind2="0">
      <subfield code="a">Quae Fides, et Religio sit capessenda, consultatio. Auctore Leonardo Lessio Soc. Jesu, SS. Theologiae Professore. Excellentissimus, Illustrissimis, Reverendissimis, Perillustribus, Praenobilibus, Nobilibus, Dominis, dominis Sodalibus Beatae Mariae Virginis Annunciatae, in Strenam oblata...</subfield>
      <subfield code="c">Leonardo Lesio; tipograf Sim. Thad. Weichenberg</subfield>
      <subfield code="h">[Carte tipărită]</subfield>
    </datafield>
    <datafield tag="260" ind1=" " ind2=" ">
      <subfield code="a">Cluj</subfield>
      <subfield code="b">Typis Academicis Societatis Jesu</subfield>
      <subfield code="c">1735</subfield>
    </datafield>
    <datafield tag="300" ind1=" " ind2=" ">
      <subfield code="a">[7] f.; 290 p.; [1] f. ; 13 cm</subfield>
    </datafield>
    <datafield tag="500" ind1=" " ind2=" ">
      <subfield code="a">Legătura: coperți din carton legate în piele. Însemnări: coperta 2: Ex libris Joannis Marii Wisching Solis oficij Dies: Acnenzis Contra[...] ad usum sibi comparatis anno 1734; fila de gardă r: prof. Stanislai Hohmam.</subfield>
    </datafield>
    <datafield tag="650" ind1=" " ind2=" ">
      <subfield code="a">raporturi între biserici</subfield>
    </datafield>
    <datafield tag="650" ind1=" " ind2=" ">
      <subfield code="a">teologie</subfield>
    </datafield>
    <datafield tag="650" ind1=" " ind2=" ">
      <subfield code="a">Transilvanice</subfield>
    </datafield>
    <datafield tag="856" ind1=" " ind2=" ">
      <subfield code="u">http://www.dspace.bjastrasibiu.ro/bitstream/123456789/10533/1/BJA_CS_000021_T_0001-0314.pdf</subfield>
    </datafield>
    <datafield tag="995" ind1=" " ind2=" ">
      <subfield code="a">Colecţii Speciale - Transilvanice</subfield>
      <subfield code="D">0.01</subfield>
      <subfield code="e">T00021</subfield>
      <subfield code="F">Sediul_Central_A</subfield>
      <subfield code="j">210 T1</subfield>
      <subfield code="U">Available</subfield>
      <subfield code="W">Feb 14, 2020</subfield>
      <subfield code="y">T00021</subfield>
      <subfield code="Z">Împrumut la Sala</subfield>
    </datafield>
  </record>