
  <record>
    <leader>00000nam a2200000 a 4500</leader>
    <controlfield tag="001">BJSB452549</controlfield>
    <controlfield tag="008">200214s1736####|||||||||||||||||#||####u</controlfield>
    <datafield tag="050" ind1=" " ind2=" ">
      <subfield code="a">094.1(498); 271.3(094); 094.1</subfield>
    </datafield>
    <datafield tag="100" ind1=" " ind2=" ">
      <subfield code="a">Haller, Pauli</subfield>
    </datafield>
    <datafield tag="245" ind1="1" ind2="0">
      <subfield code="a">Ortus et progressus, et Progressus Collegii Academici Societatis Jesu Claudopolitani. Ab anno M.D.LXXIX. Honoribus Illustrissimi Domini Comitis Pauli Haller de Hallerko. Dum In Alma Regio-Princip. S. J. Acad. Claudiop. promotore K. P. Georgio Daroczi e S. J. AA. LL. &amp; Philos. Doct. ejusdemq. Profess. emerito, ac p. Seniore Suprema AA. LL. &amp; Phil. laurea infignirentur a Neo-Doctoribus Condiscipulis aicatus...</subfield>
      <subfield code="c">Pauli Haller; editor Georgio Daroczi; tipograf S.T.Weichenberg</subfield>
      <subfield code="h">[Carte tipărită]</subfield>
    </datafield>
    <datafield tag="260" ind1=" " ind2=" ">
      <subfield code="a">Cluj</subfield>
      <subfield code="b">Typis. Acad. Soc. Jesu</subfield>
      <subfield code="c">1736</subfield>
    </datafield>
    <datafield tag="300" ind1=" " ind2=" ">
      <subfield code="a">[12] f.; 152 p. ; 13 cm</subfield>
    </datafield>
    <datafield tag="500" ind1=" " ind2=" ">
      <subfield code="a">Legătura: coperți din cartone legate în piele.</subfield>
    </datafield>
    <datafield tag="650" ind1=" " ind2=" ">
      <subfield code="a">istorie</subfield>
    </datafield>
    <datafield tag="650" ind1=" " ind2=" ">
      <subfield code="a">Transilvanice</subfield>
    </datafield>
    <datafield tag="650" ind1=" " ind2=" ">
      <subfield code="a">papalitate</subfield>
    </datafield>
    <datafield tag="650" ind1=" " ind2=" ">
      <subfield code="a">istoria ordinelor religioase</subfield>
    </datafield>
    <datafield tag="650" ind1=" " ind2=" ">
      <subfield code="a">franciscani</subfield>
    </datafield>
    <datafield tag="856" ind1=" " ind2=" ">
      <subfield code="u">http://www.dspace.bjastrasibiu.ro/bitstream/123456789/10531/1/BJA_CS_000025_T_0001-0180.pdf</subfield>
    </datafield>
    <datafield tag="995" ind1=" " ind2=" ">
      <subfield code="a">Colecţii Speciale - Transilvanice</subfield>
      <subfield code="D">0.01</subfield>
      <subfield code="e">T00025</subfield>
      <subfield code="F">Sediul_Central_A</subfield>
      <subfield code="j">214 T1</subfield>
      <subfield code="U">Available</subfield>
      <subfield code="W">Feb 14, 2020</subfield>
      <subfield code="y">T00025</subfield>
      <subfield code="Z">Împrumut la Sala</subfield>
    </datafield>
  </record>