
  <record>
    <leader>00000nam a2200000 a 4500</leader>
    <controlfield tag="001">BJSB452510</controlfield>
    <controlfield tag="008">200214s1741####|||||||||||||||||#||####u</controlfield>
    <datafield tag="050" ind1=" " ind2=" ">
      <subfield code="a">094.1(498); 22.07</subfield>
    </datafield>
    <datafield tag="100" ind1=" " ind2=" ">
      <subfield code="a">Balde, Henrico</subfield>
    </datafield>
    <datafield tag="245" ind1="1" ind2="0">
      <subfield code="a">Veritates Christianae Authore R. P. Henrico Balde e Societate Jesu olim editae; Nunc vero Honoribus Spectabilium, Perillustrium, Reverendorum, Nobiliu, ac Eruditorum Dominorum, Dominorum, Dum In Alma Regio-Princ. S. Jesu Academia Claudiopolitana Suprema Philosophiae laurea ornaretur promotore R. P. Joanne Nagy e soc. Jesu AA. LL. &amp; Philosop. Doctore ejusdemque Professore emerito a Neo-Doctoribus...</subfield>
      <subfield code="c">Henrico Balde; editor Joanne Nagy; tipograf Michael Becskereki</subfield>
      <subfield code="h">[Carte tipărită]</subfield>
    </datafield>
    <datafield tag="260" ind1=" " ind2=" ">
      <subfield code="a">Cluj</subfield>
      <subfield code="b">Typis Ac. S. J.</subfield>
      <subfield code="c">1741</subfield>
    </datafield>
    <datafield tag="300" ind1=" " ind2=" ">
      <subfield code="a">354 p.; [3] f.; 82 p.; [1] f. ; 13 cm</subfield>
    </datafield>
    <datafield tag="500" ind1=" " ind2=" ">
      <subfield code="a">Legătura: coperți din carton recent marmorat.</subfield>
    </datafield>
    <datafield tag="650" ind1=" " ind2=" ">
      <subfield code="a">teologie</subfield>
    </datafield>
    <datafield tag="650" ind1=" " ind2=" ">
      <subfield code="a">Transilvanice</subfield>
    </datafield>
    <datafield tag="650" ind1=" " ind2=" ">
      <subfield code="a">exegeză biblică</subfield>
    </datafield>
    <datafield tag="856" ind1=" " ind2=" ">
      <subfield code="u">http://www.dspace.bjastrasibiu.ro/bitstream/123456789/10530/1/BJA_CS_000020_T_0001-0444.pdf</subfield>
    </datafield>
    <datafield tag="995" ind1=" " ind2=" ">
      <subfield code="a">Colecţii Speciale - Transilvanice</subfield>
      <subfield code="D">0.01</subfield>
      <subfield code="e">T00020</subfield>
      <subfield code="F">Sediul_Central_A</subfield>
      <subfield code="j">209 T1</subfield>
      <subfield code="U">Available</subfield>
      <subfield code="W">Feb 14, 2020</subfield>
      <subfield code="y">T00020</subfield>
      <subfield code="Z">Împrumut la Sala</subfield>
    </datafield>
  </record>