
  <record>
    <leader>00000nam a2200000 a 4500</leader>
    <controlfield tag="001">BJSB452541</controlfield>
    <controlfield tag="008">200214s1755####|||||||||||||||||#||####u</controlfield>
    <datafield tag="050" ind1=" " ind2=" ">
      <subfield code="a">51; 094.1(498.4)</subfield>
    </datafield>
    <datafield tag="100" ind1=" " ind2=" ">
      <subfield code="a">Höll, Maximilian (Hell, Maximilian)</subfield>
    </datafield>
    <datafield tag="245" ind1="1" ind2="0">
      <subfield code="a">Elementa Mathematica Naturali Philosophiae Ancillantia ad Praefixam in Scholis nostris norm Concinnata. Tomulus I Complecsens Elementa Arithmeticae, numericae, &amp; literalis seu Algebra</subfield>
      <subfield code="c">A. P. Maximiliano Höll, e S. J. Philosophiae Doctore, Matheses Prof. Publ. &amp; Ord. in Academia S. J. Claudiopolitana Transilvaniae</subfield>
      <subfield code="h">[Carte tipărită]</subfield>
    </datafield>
    <datafield tag="260" ind1=" " ind2=" ">
      <subfield code="a">Claudiopoli [Cluj-Napoca]</subfield>
      <subfield code="b">Typis Academicis S. J.</subfield>
      <subfield code="c">1755</subfield>
    </datafield>
    <datafield tag="300" ind1=" " ind2=" ">
      <subfield code="a">[18] p., 308 p., 1 pl. ; 17 cm</subfield>
    </datafield>
    <datafield tag="500" ind1=" " ind2=" ">
      <subfield code="a">Greșeli de paginație: Pagina 283 e numerotată 259. Legătura: coperți de carton recent, roase la colțuri. Însemnări: pe recto-ul paginii de titlu textul: „liber Conv. Cibiniensis” Observații: pe recto-ul paginii de titlu, pe ultima pagină și pe verso-ul planșei - ștampilă ovală cu textul: „Biblioteca Astra Sibiu”</subfield>
    </datafield>
    <datafield tag="650" ind1=" " ind2=" ">
      <subfield code="a">aritmetică</subfield>
    </datafield>
    <datafield tag="650" ind1=" " ind2=" ">
      <subfield code="a">matematică</subfield>
    </datafield>
    <datafield tag="650" ind1=" " ind2=" ">
      <subfield code="a">carte românească veche</subfield>
    </datafield>
    <datafield tag="650" ind1=" " ind2=" ">
      <subfield code="a">algebră</subfield>
    </datafield>
    <datafield tag="856" ind1=" " ind2=" ">
      <subfield code="u">http://www.dspace.bjastrasibiu.ro/bitstream/123456789/10528/1/BJA_CS_000063_T_0001-0334.pdf</subfield>
    </datafield>
    <datafield tag="995" ind1=" " ind2=" ">
      <subfield code="a">Colecţii Speciale - Transilvanice</subfield>
      <subfield code="D">0.01</subfield>
      <subfield code="e">T00063</subfield>
      <subfield code="F">Sediul_Central_A</subfield>
      <subfield code="j">252 T1</subfield>
      <subfield code="U">Available</subfield>
      <subfield code="W">Feb 14, 2020</subfield>
      <subfield code="y">T00063</subfield>
      <subfield code="Z">Împrumut la Sala</subfield>
    </datafield>
  </record>