
  <record>
    <leader>00000nam a2200000 a 4500</leader>
    <controlfield tag="001">BJSB452500</controlfield>
    <controlfield tag="008">200214s1749####|||||||||||||||||#||####u</controlfield>
    <datafield tag="050" ind1=" " ind2=" ">
      <subfield code="a">094.1(498); 821.135.1(498.4)-142=124'04</subfield>
    </datafield>
    <datafield tag="100" ind1=" " ind2=" ">
      <subfield code="a">Pongracz, Stephano</subfield>
    </datafield>
    <datafield tag="245" ind1="1" ind2="0">
      <subfield code="a">Metempsychosis sive fabulosa transmigratio animae F. Pulcheriae orientis Imperatricis&gt; in Augustissima Occidentis Imperatricem Mariam Theresiam Potentissimam Regni Hungariae &amp;cc. Reginam. Honori Illustrissimorum, Spectabilius, Perillustrium, Reverendorum, Praenobilium, Nobilium, de Eruditorus Dominorum Dominorum Neo-Baccalaureorum cum in Alma, ac Regio-Principali Academia Claudiopolitana S. J. Prima AA. LL. &amp; Philosophiae Laurea insignirentur, promotore R. P. Stephano Pongracz...</subfield>
      <subfield code="c">Stephano Pongracz</subfield>
      <subfield code="h">[Carte tipărită]</subfield>
    </datafield>
    <datafield tag="260" ind1=" " ind2=" ">
      <subfield code="a">Cluj</subfield>
      <subfield code="b">Typis Academicis Soc. Jesu</subfield>
      <subfield code="c">1749</subfield>
    </datafield>
    <datafield tag="300" ind1=" " ind2=" ">
      <subfield code="a">58 p.; [1] f. ; 14 cm</subfield>
    </datafield>
    <datafield tag="500" ind1=" " ind2=" ">
      <subfield code="a">Legătura: coperți din carton recent marmorat. Însemnări: fila de gardă r: obiulie (?) L. Stephano Illies Cum Summa 80.</subfield>
    </datafield>
    <datafield tag="650" ind1=" " ind2=" ">
      <subfield code="a">Transilvanice</subfield>
    </datafield>
    <datafield tag="650" ind1=" " ind2=" ">
      <subfield code="a">ode</subfield>
    </datafield>
    <datafield tag="650" ind1=" " ind2=" ">
      <subfield code="a">literatură</subfield>
    </datafield>
    <datafield tag="856" ind1=" " ind2=" ">
      <subfield code="u">http://www.dspace.bjastrasibiu.ro/bitstream/123456789/10656/1/BJA_CS_000035_T_0001-0068.pdf</subfield>
    </datafield>
    <datafield tag="995" ind1=" " ind2=" ">
      <subfield code="a">Colecţii Speciale - Transilvanice</subfield>
      <subfield code="D">0.01</subfield>
      <subfield code="e">T00035</subfield>
      <subfield code="F">Sediul_Central_A</subfield>
      <subfield code="j">224 T1</subfield>
      <subfield code="U">Available</subfield>
      <subfield code="W">Feb 14, 2020</subfield>
      <subfield code="y">T00035</subfield>
      <subfield code="Z">Împrumut la Sala</subfield>
    </datafield>
  </record>