
  <record>
    <leader>00000nam a2200000 a 4500</leader>
    <controlfield tag="001">BJSB452505</controlfield>
    <controlfield tag="008">200214s1762####|||||||||||||||||#||####u</controlfield>
    <datafield tag="050" ind1=" " ind2=" ">
      <subfield code="a">94(100)"4/14"; 094.1(498.4)</subfield>
    </datafield>
    <datafield tag="110" ind1=" " ind2=" ">
      <subfield code="a">Societatis Sacerdote</subfield>
    </datafield>
    <datafield tag="245" ind1="1" ind2="0">
      <subfield code="a">Rudimenta Historica Sive brevis, facilisque Methodus Juventutem Orthodoxam notitia historica imbuendi, pro Gymnasiis Societatis Jesu. Opusculum Quartum, De Regnis, aliisque Orbis Provinciis</subfield>
      <subfield code="c">Ejusdem Societatis Sacerdote</subfield>
      <subfield code="h">[Carte tipărită]</subfield>
    </datafield>
    <datafield tag="260" ind1=" " ind2=" ">
      <subfield code="a">Claudiopoli [Cluj-Napoca]</subfield>
      <subfield code="b">Typis Academicis Soc. Jesu</subfield>
      <subfield code="c">1762</subfield>
    </datafield>
    <datafield tag="300" ind1=" " ind2=" ">
      <subfield code="a">128 p. ; 16 cm </subfield>
    </datafield>
    <datafield tag="500" ind1=" " ind2=" ">
      <subfield code="a">Legătura: coperți din piele; stare de conservare bună; pe cotor de păstrează titlul: „ Rudimenta Historia. Opus IV”. Însemnări: pe coperta 2: P. LadsPasztory; pe pagina de gardă: Fris Ferdinandi Molitor Ord. Min[oris] Str. Obs.  '769. Observații: Pe recto-ul pagini de titlu și pe ultima pagină, ștampilă ovală cu textul: „Biblioteca Astra Sibiu”</subfield>
    </datafield>
    <datafield tag="650" ind1=" " ind2=" ">
      <subfield code="a">istoria universala</subfield>
    </datafield>
    <datafield tag="650" ind1=" " ind2=" ">
      <subfield code="a">istorie</subfield>
    </datafield>
    <datafield tag="650" ind1=" " ind2=" ">
      <subfield code="a">istoria Evului Mediu</subfield>
    </datafield>
    <datafield tag="650" ind1=" " ind2=" ">
      <subfield code="a">Transilvanice</subfield>
    </datafield>
    <datafield tag="856" ind1=" " ind2=" ">
      <subfield code="u">http://www.dspace.bjastrasibiu.ro/bitstream/123456789/10661/1/BJA_CS_000057_T_0001-0134.pdf</subfield>
    </datafield>
    <datafield tag="995" ind1=" " ind2=" ">
      <subfield code="a">Colecţii Speciale - Transilvanice</subfield>
      <subfield code="D">0.01</subfield>
      <subfield code="e">T00057</subfield>
      <subfield code="F">Sediul_Central_A</subfield>
      <subfield code="j">246 T1</subfield>
      <subfield code="U">Available</subfield>
      <subfield code="W">Feb 14, 2020</subfield>
      <subfield code="y">T00057</subfield>
      <subfield code="Z">Împrumut la Sala</subfield>
    </datafield>
  </record>