
  <record>
    <leader>00000nam a2200000 a 4500</leader>
    <controlfield tag="001">BJSB452495</controlfield>
    <controlfield tag="008">200214s1761####|||||||||||||||||#||####u</controlfield>
    <datafield tag="050" ind1=" " ind2=" ">
      <subfield code="a">282; 242; 235.3 Anton de Padova; 094.1(498)</subfield>
    </datafield>
    <datafield tag="245" ind1="0" ind2="0">
      <subfield code="a">Manuale sodalium S. Antonii Paduani, auditoribus oblatum dum Theses ex Universa SS. Theologia ad mentrem doct. subtilis. Joannis Duns-Scoti in studio generali V. Claudiopolitano publice propugnarent VV. PP. Ambrosius Baumgartner, &amp; Bernardus Becze, Ord. Min. S. P. N. F. Strict. Observan. Prov. Transylv. S. R. Stephani AA. LL. &amp; Philosoph. Lect. Candidati. Praeside R.P.F. Antonio Mihalyffi Ejusdem Ord. &amp; Prov. SS. Theologiae Lectore Ordinario. Anno 1761. Die Mens Iuniis</subfield>
      <subfield code="c">editor: Bernardus Becze, Antonio Mihalyffi</subfield>
      <subfield code="h">[Carte tipărită]</subfield>
    </datafield>
    <datafield tag="260" ind1=" " ind2=" ">
      <subfield code="a">Claudiopolis [Cluj-Napoca]</subfield>
      <subfield code="b">Typis Academicis Societ. Jesu</subfield>
      <subfield code="c">1761</subfield>
    </datafield>
    <datafield tag="300" ind1=" " ind2=" ">
      <subfield code="a">[10] f., 206 p., [1] f. ; 14 cm</subfield>
    </datafield>
    <datafield tag="490" ind1=" " ind2=" ">
      <subfield code="a">Anton de Padova, sfânt</subfield>
    </datafield>
    <datafield tag="500" ind1=" " ind2=" ">
      <subfield code="a">Legătura: coperți din carton legate în piele.</subfield>
    </datafield>
    <datafield tag="650" ind1=" " ind2=" ">
      <subfield code="a">franciscani</subfield>
    </datafield>
    <datafield tag="650" ind1=" " ind2=" ">
      <subfield code="a">Anton de Padova, sfânt</subfield>
    </datafield>
    <datafield tag="650" ind1=" " ind2=" ">
      <subfield code="a">biserica catolica</subfield>
    </datafield>
    <datafield tag="650" ind1=" " ind2=" ">
      <subfield code="a">teologie</subfield>
    </datafield>
    <datafield tag="650" ind1=" " ind2=" ">
      <subfield code="a">rugaciuni</subfield>
    </datafield>
    <datafield tag="650" ind1=" " ind2=" ">
      <subfield code="a">Transilvanice</subfield>
    </datafield>
    <datafield tag="650" ind1=" " ind2=" ">
      <subfield code="a">imnuri religioase</subfield>
    </datafield>
    <datafield tag="856" ind1=" " ind2=" ">
      <subfield code="u">http://www.dspace.bjastrasibiu.ro/bitstream/123456789/10665/1/BJA_CS_000034_T_0001-0236.pdf</subfield>
    </datafield>
    <datafield tag="995" ind1=" " ind2=" ">
      <subfield code="a">Colecţii Speciale - Transilvanice</subfield>
      <subfield code="D">0.01</subfield>
      <subfield code="e">T00034</subfield>
      <subfield code="F">Sediul_Central_A</subfield>
      <subfield code="j">223 T1</subfield>
      <subfield code="U">Available</subfield>
      <subfield code="W">May 27, 2021</subfield>
      <subfield code="y">T00034</subfield>
      <subfield code="Z">Împrumut la Sala</subfield>
    </datafield>
  </record>