
  <record>
    <leader>00000nam a2200000 a 4500</leader>
    <controlfield tag="001">BJSB452481</controlfield>
    <controlfield tag="008">200213s1738####|||||||||||||||||#||####u</controlfield>
    <datafield tag="050" ind1=" " ind2=" ">
      <subfield code="a">094.1(498); 22.07</subfield>
    </datafield>
    <datafield tag="100" ind1=" " ind2=" ">
      <subfield code="a">Franciscus Gall</subfield>
    </datafield>
    <datafield tag="245" ind1="1" ind2="0">
      <subfield code="a">Consultatio quae Fides, et Religio fit capessenda, dum in Alma, ac Regio-Principali soc. J. Academia Claudiopolitana positiones universae philosophiae publice propugnaret reverendus, nobilis, ac eruditus D. Franciscus Gall AA. LL. &amp; Philosophiae Baccalaureus nec non pro suprema ejusdem laurea candidatus, e Sem. cler. Alum. Illyesianus. Praeside R. P. Nicolae Janosi e soc. Jesu, AA. LL. &amp; Philosophiae Doctore, ejusdemque Professore ordinario, &amp; p. t. Seniore, Auditoribus oblata...</subfield>
      <subfield code="c">Franciscus Gall</subfield>
      <subfield code="h">[Carte tipărită]</subfield>
    </datafield>
    <datafield tag="260" ind1=" " ind2=" ">
      <subfield code="a">Cluj</subfield>
      <subfield code="b">Typis Academicis Soc. Jesu</subfield>
      <subfield code="c">1738</subfield>
    </datafield>
    <datafield tag="300" ind1=" " ind2=" ">
      <subfield code="a">[10] f.; 282 p. ; 14 cm</subfield>
    </datafield>
    <datafield tag="500" ind1=" " ind2=" ">
      <subfield code="a">Legătura: coperți din carton legate în piele. Însemnări: coperta 2, fila de gardă: însemnări ilizibile, încercări de condei; fila de titlu: Dono da[...] Miralene Hedvesy 1829 a Alfimo (?) Anady</subfield>
    </datafield>
    <datafield tag="650" ind1=" " ind2=" ">
      <subfield code="a">exegeză biblică</subfield>
    </datafield>
    <datafield tag="650" ind1=" " ind2=" ">
      <subfield code="a">Transilvanice</subfield>
    </datafield>
    <datafield tag="650" ind1=" " ind2=" ">
      <subfield code="a">teologie</subfield>
    </datafield>
    <datafield tag="995" ind1=" " ind2=" ">
      <subfield code="a">Colecţii Speciale - Transilvanice</subfield>
      <subfield code="D">0.01</subfield>
      <subfield code="e">T00029</subfield>
      <subfield code="F">Sediul_Central_A</subfield>
      <subfield code="j">218 T1</subfield>
      <subfield code="U">Available</subfield>
      <subfield code="W">Feb 13, 2020</subfield>
      <subfield code="y">T00029</subfield>
      <subfield code="Z">Împrumut la Sala</subfield>
    </datafield>
  </record>