
  <record>
    <leader>00000nam a2200000 a 4500</leader>
    <controlfield tag="001">BJSB452479</controlfield>
    <controlfield tag="008">200213s1796####|||||||||||||||||#||####u</controlfield>
    <datafield tag="050" ind1=" " ind2=" ">
      <subfield code="a">094.1(498); 347.112(498.4)</subfield>
    </datafield>
    <datafield tag="245" ind1="0" ind2="0">
      <subfield code="a">Syntagma Juris Ungarici conplectens una peculiares Principatus Transylvaniae Leges in usum cumprimis Tyronum Juris Patrii collectum, et excusum</subfield>
      <subfield code="h">[Carte tipărită]</subfield>
    </datafield>
    <datafield tag="260" ind1=" " ind2=" ">
      <subfield code="a">Cassoviae</subfield>
      <subfield code="b">Typis Francisci Landerer</subfield>
      <subfield code="c">1796</subfield>
    </datafield>
    <datafield tag="300" ind1=" " ind2=" ">
      <subfield code="a">281 p.; [5] f. ; 18 cm</subfield>
    </datafield>
    <datafield tag="500" ind1=" " ind2=" ">
      <subfield code="a">Legătura: lipsesc coperțile, se află în folie de protecție. Observații: fila de titlu, fila 5 r, ștampilă dreptunghiulară cu textul: Biblioteca Centrală Sibiu; fila de gardă de la sfârșitul cărții, ștampilă cu textul: Anticariat Sibiu Lei 25.</subfield>
    </datafield>
    <datafield tag="650" ind1=" " ind2=" ">
      <subfield code="a">drept civil</subfield>
    </datafield>
    <datafield tag="650" ind1=" " ind2=" ">
      <subfield code="a">drept</subfield>
    </datafield>
    <datafield tag="650" ind1=" " ind2=" ">
      <subfield code="a">Transilvanice</subfield>
    </datafield>
    <datafield tag="856" ind1=" " ind2=" ">
      <subfield code="u">http://www.dspace.bjastrasibiu.ro/bitstream/123456789/10536/1/BJA_CS_000245_T_0001-0294.pdf</subfield>
    </datafield>
    <datafield tag="995" ind1=" " ind2=" ">
      <subfield code="a">Colecţii Speciale - Transilvanice</subfield>
      <subfield code="D">0.01</subfield>
      <subfield code="e">T00245</subfield>
      <subfield code="F">Sediul_Central_A</subfield>
      <subfield code="j">531 T1</subfield>
      <subfield code="U">Available</subfield>
      <subfield code="W">Feb 13, 2020</subfield>
      <subfield code="y">T00245</subfield>
      <subfield code="Z">Împrumut la Sala</subfield>
    </datafield>
  </record>