
  <record>
    <leader>00000nam a2200000 a 4500</leader>
    <controlfield tag="001">BJSB452476</controlfield>
    <controlfield tag="008">200213s1792####|||||||||||||||||#||####u</controlfield>
    <datafield tag="050" ind1=" " ind2=" ">
      <subfield code="a">245(498.4); 094.1(498.4)</subfield>
    </datafield>
    <datafield tag="245" ind1="0" ind2="0">
      <subfield code="a">Sonn- und Festtägliche musikalische Andachten nach den gewöhnlichen evangelischen Texten zum Gebrauch des öffentlichen Gottesdienstes</subfield>
      <subfield code="h">[Carte tipărită]</subfield>
    </datafield>
    <datafield tag="260" ind1=" " ind2=" ">
      <subfield code="a">Hermannstadt</subfield>
      <subfield code="b">gedruckt und zu finden bey Petrus Barth und Johann Gottlieb Mühlsteffen</subfield>
      <subfield code="c">1792</subfield>
    </datafield>
    <datafield tag="300" ind1=" " ind2=" ">
      <subfield code="a">104 p. ; 18 cm</subfield>
    </datafield>
    <datafield tag="500" ind1=" " ind2=" ">
      <subfield code="a">Legătura: coperți din lemn învelite în piele pe care se mai păstrează urmele cheotorilor; pe cotor text imprimat „Christliches Gesangbuch” Însemnări: pe  cop. 2 textul „Lena Schald gebert 1875” Observații: pe recto-ul paginii de titlu - ștampilă ovală cu textul: „Biblioteca Astra Sibiu”. Este colligat cu lucrările: „Christliches Gesangbuch zum gottesdienstlichen...”, Hermannstadt, 1792 și „Christliches Gebetbuch zum Gebrauch des...”, Hermannstadt, 1792.</subfield>
    </datafield>
    <datafield tag="650" ind1=" " ind2=" ">
      <subfield code="a">Transilvanice</subfield>
    </datafield>
    <datafield tag="650" ind1=" " ind2=" ">
      <subfield code="a">imnuri creştine</subfield>
    </datafield>
    <datafield tag="650" ind1=" " ind2=" ">
      <subfield code="a">scrieri religioase</subfield>
    </datafield>
    <datafield tag="650" ind1=" " ind2=" ">
      <subfield code="a">rugaciuni</subfield>
    </datafield>
    <datafield tag="650" ind1=" " ind2=" ">
      <subfield code="a">teologie</subfield>
    </datafield>
    <datafield tag="856" ind1=" " ind2=" ">
      <subfield code="u">http://www.dspace.bjastrasibiu.ro/bitstream/123456789/10577/1/BJA_CS_000230_T_0001-0104.pdf</subfield>
    </datafield>
    <datafield tag="995" ind1=" " ind2=" ">
      <subfield code="a">Colecţii Speciale - Transilvanice</subfield>
      <subfield code="D">0.01</subfield>
      <subfield code="e">T00230</subfield>
      <subfield code="F">Sediul_Central_A</subfield>
      <subfield code="j">516 T1</subfield>
      <subfield code="U">Available</subfield>
      <subfield code="W">Feb 13, 2020</subfield>
      <subfield code="y">T00230</subfield>
      <subfield code="Z">Împrumut la Sala</subfield>
    </datafield>
  </record>