
  <record>
    <leader>00000nam a2200000 a 4500</leader>
    <controlfield tag="001">BJSB452416</controlfield>
    <controlfield tag="008">200213s1739####|||||||||||||||||#||####u</controlfield>
    <datafield tag="050" ind1=" " ind2=" ">
      <subfield code="a">094.1(498); 232.2</subfield>
    </datafield>
    <datafield tag="100" ind1=" " ind2=" ">
      <subfield code="a">Hevenesi Gabor Altal</subfield>
    </datafield>
    <datafield tag="245" ind1="1" ind2="0">
      <subfield code="a">A’ Negyven-Napi Bójtnek Szentsége, avagy á Kristus kin-Szenvedésérol a’ Nagy Bojtnek Minden Napiaira Elmelkedesek, a’ Mellyek a’ Keresztyén Hivekben a’ Szenvedó Urunkhoz-Valo Buzgóságnak fenn-tartására, és gyarapitására az elott Déák nyelven meg-irattattak, és ki-botsáttattak vala a’ Jesus Társaságaból-való Tisztelendo Pater Hevenesi Gabor Altal, most pedig Ugyan azon Istenes szándékból, és azon Jesus Társaságából való más Pap által Magyarra forditattak.</subfield>
      <subfield code="c">Hevenesi Gabor Altal</subfield>
      <subfield code="h">[Carte tipărită]</subfield>
    </datafield>
    <datafield tag="260" ind1=" " ind2=" ">
      <subfield code="a">Trnava</subfield>
      <subfield code="b">Academiai Bótúkkel</subfield>
      <subfield code="c">1739</subfield>
    </datafield>
    <datafield tag="300" ind1=" " ind2=" ">
      <subfield code="a">[11] f.; 454 p. ; 16 cm</subfield>
    </datafield>
    <datafield tag="500" ind1=" " ind2=" ">
      <subfield code="a">Legătura: coperți din carton recent de culoare neagră.</subfield>
    </datafield>
    <datafield tag="650" ind1=" " ind2=" ">
      <subfield code="a">Isus Cristos</subfield>
    </datafield>
    <datafield tag="650" ind1=" " ind2=" ">
      <subfield code="a">cristologie</subfield>
    </datafield>
    <datafield tag="650" ind1=" " ind2=" ">
      <subfield code="a">teologie</subfield>
    </datafield>
    <datafield tag="650" ind1=" " ind2=" ">
      <subfield code="a">Transilvanice</subfield>
    </datafield>
    <datafield tag="856" ind1=" " ind2=" ">
      <subfield code="u">http://www.dspace.bjastrasibiu.ro/bitstream/123456789/10651/1/BJA_CS_000182_T_0001-0486.pdf</subfield>
    </datafield>
    <datafield tag="995" ind1=" " ind2=" ">
      <subfield code="a">Colecţii Speciale - Transilvanice</subfield>
      <subfield code="D">0.01</subfield>
      <subfield code="e">T00182</subfield>
      <subfield code="F">Sediul_Central_A</subfield>
      <subfield code="j">702 T1</subfield>
      <subfield code="U">Available</subfield>
      <subfield code="W">Feb 13, 2020</subfield>
      <subfield code="y">T00182</subfield>
      <subfield code="Z">Împrumut la Sala</subfield>
    </datafield>
  </record>