
  <record>
    <leader>00000nam a2200000 a 4500</leader>
    <controlfield tag="001">BJSB452414</controlfield>
    <controlfield tag="008">200213s1773####|||||||||||||||||#||####u</controlfield>
    <datafield tag="050" ind1=" " ind2=" ">
      <subfield code="a">094.1(498); 252.9</subfield>
    </datafield>
    <datafield tag="245" ind1="0" ind2="0">
      <subfield code="a">Holtig-Való Barátság. Avagy Mi módon kellefsék a Beteg, és Halálra – vált Embert, avagy meg-Szententziázott bunost segiteni. Mellyet Mind egéfségessek, ‘s mind betegek nagy hasznára magyarázott, és oszve szerzett, a’ Jesus Zásziója alast vitézkedve P. Tarnóczi István</subfield>
      <subfield code="c">P. Tarnoczy Istvan</subfield>
      <subfield code="h">[Carte tipărită]</subfield>
    </datafield>
    <datafield tag="260" ind1=" " ind2=" ">
      <subfield code="a">Trnava</subfield>
      <subfield code="c">1773</subfield>
    </datafield>
    <datafield tag="300" ind1=" " ind2=" ">
      <subfield code="a">[12] f.; 287 p.; 13 cm</subfield>
    </datafield>
    <datafield tag="500" ind1=" " ind2=" ">
      <subfield code="a">Legătura: coperți din carton legate în piele. Însemnări: coperta 2: Adoltem (?) P. Valeriani Molnar conceput; A Hit Reminsig is szeretet indalatty a 1814 [...]</subfield>
    </datafield>
    <datafield tag="650" ind1=" " ind2=" ">
      <subfield code="a">teologie</subfield>
    </datafield>
    <datafield tag="650" ind1=" " ind2=" ">
      <subfield code="a">predici funebre</subfield>
    </datafield>
    <datafield tag="650" ind1=" " ind2=" ">
      <subfield code="a">Transilvanice</subfield>
    </datafield>
    <datafield tag="995" ind1=" " ind2=" ">
      <subfield code="a">Colecţii Speciale - Transilvanice</subfield>
      <subfield code="D">0.01</subfield>
      <subfield code="e">T00180</subfield>
      <subfield code="F">Sediul_Central_A</subfield>
      <subfield code="j">700 T1</subfield>
      <subfield code="U">Available</subfield>
      <subfield code="W">Feb 13, 2020</subfield>
      <subfield code="y">T00180</subfield>
      <subfield code="Z">Împrumut la Sala</subfield>
    </datafield>
  </record>