
  <record>
    <leader>00000nam a2200000 a 4500</leader>
    <controlfield tag="001">BJSB452392</controlfield>
    <controlfield tag="008">200213s9999####|||||||||||||||||#||####u</controlfield>
    <datafield tag="050" ind1=" " ind2=" ">
      <subfield code="a">094.1(498); 794.1</subfield>
    </datafield>
    <datafield tag="100" ind1=" " ind2=" ">
      <subfield code="a">Stamma, Philippi</subfield>
    </datafield>
    <datafield tag="245" ind1="1" ind2="0">
      <subfield code="a">Informationes speculativae, et practicae, de ingenioso, et artificiali scruporum lusu, schach, Vulgo sic nuncupato, ad methodum D. Philippi Stamma, Natione Arabis, Magistri recentioris, succinto modo expositae, et Illustrissimo Domino, Domino C. P. F. Patrono suo gratiosissimo pro Novo anno humiliime oblatae a P. F. G. ex Gratiosa ConCessione, et InDULtU sUperIorUM</subfield>
      <subfield code="c">Philippi Stamma</subfield>
      <subfield code="h">[Carte tipărită]</subfield>
    </datafield>
    <datafield tag="260" ind1=" " ind2=" ">
      <subfield code="a">Oradea</subfield>
      <subfield code="b">Episcopalem Typogr.</subfield>
      <subfield code="c"/>
    </datafield>
    <datafield tag="300" ind1=" " ind2=" ">
      <subfield code="a">61 p. ; 16 cm</subfield>
    </datafield>
    <datafield tag="500" ind1=" " ind2=" ">
      <subfield code="a">Legătura: lipsesc coperțile, se află în folie de protecție.</subfield>
    </datafield>
    <datafield tag="650" ind1=" " ind2=" ">
      <subfield code="a">Transilvanice</subfield>
    </datafield>
    <datafield tag="650" ind1=" " ind2=" ">
      <subfield code="a">sport</subfield>
    </datafield>
    <datafield tag="650" ind1=" " ind2=" ">
      <subfield code="a">șah</subfield>
    </datafield>
    <datafield tag="856" ind1=" " ind2=" ">
      <subfield code="u">http://www.dspace.bjastrasibiu.ro/bitstream/123456789/10657/1/BJA_CS_000189_T_0001-0064.pdf</subfield>
    </datafield>
    <datafield tag="995" ind1=" " ind2=" ">
      <subfield code="a">Colecţii Speciale - Transilvanice</subfield>
      <subfield code="D">0.01</subfield>
      <subfield code="e">T00189</subfield>
      <subfield code="F">Sediul_Central_A</subfield>
      <subfield code="j">800 T1</subfield>
      <subfield code="U">Available</subfield>
      <subfield code="W">Feb 13, 2020</subfield>
      <subfield code="y">T00189</subfield>
      <subfield code="Z">Împrumut la Sala</subfield>
    </datafield>
  </record>