
  <record>
    <leader>00000nam a2200000 a 4500</leader>
    <controlfield tag="001">BJSB452387</controlfield>
    <controlfield tag="008">200213s1719####|||||||||||||||||#||####u</controlfield>
    <datafield tag="050" ind1=" " ind2=" ">
      <subfield code="a">094.1(498); 261.8</subfield>
    </datafield>
    <datafield tag="100" ind1=" " ind2=" ">
      <subfield code="a">Kolich, Luca</subfield>
    </datafield>
    <datafield tag="245" ind1="1" ind2="0">
      <subfield code="a">Apologia pro Domo Dei, quae est Ecclesia Dei vivi, Columna, &amp; firmamentum Veritatis. 1. Tim. 3.15. repraesentata Omnibus, qui Viam Dei in Veritate docere, Aut discere propositum habent: Pietati erga Matrem, Justo erga Sponsam Christi consecrata a Venerabili Patre Luca kolich e Societate jesu Sacerdote, &amp; primo missionario Cibiniensi Dacico</subfield>
      <subfield code="c">Luca Kolich</subfield>
      <subfield code="h">[Carte tipărită]</subfield>
    </datafield>
    <datafield tag="260" ind1=" " ind2=" ">
      <subfield code="a">Praga</subfield>
      <subfield code="b">Typis Univ. Carolo-Ferd. in Coll. Soc. Jesu ad S. Clementem</subfield>
      <subfield code="c">1719</subfield>
    </datafield>
    <datafield tag="300" ind1=" " ind2=" ">
      <subfield code="a">[6] f.; 144 p. ; 13 cm</subfield>
    </datafield>
    <datafield tag="500" ind1=" " ind2=" ">
      <subfield code="a">Legătura: lipsesc coperțile, se află în folie de protecție. Însemnări: fila de titlu: No 2710.</subfield>
    </datafield>
    <datafield tag="650" ind1=" " ind2=" ">
      <subfield code="a">raporturi între biserici</subfield>
    </datafield>
    <datafield tag="650" ind1=" " ind2=" ">
      <subfield code="a">teologie</subfield>
    </datafield>
    <datafield tag="650" ind1=" " ind2=" ">
      <subfield code="a">Transilvanice</subfield>
    </datafield>
    <datafield tag="856" ind1=" " ind2=" ">
      <subfield code="u">http://www.dspace.bjastrasibiu.ro/bitstream/123456789/10382/1/BJA_CS_000193_T_0001-0162.pdf</subfield>
    </datafield>
    <datafield tag="995" ind1=" " ind2=" ">
      <subfield code="a">Colecţii Speciale - Transilvanice</subfield>
      <subfield code="D">0.01</subfield>
      <subfield code="e">T00193</subfield>
      <subfield code="F">Sediul_Central_A</subfield>
      <subfield code="j">900 T1</subfield>
      <subfield code="U">Available</subfield>
      <subfield code="W">Feb 13, 2020</subfield>
      <subfield code="y">T00193</subfield>
      <subfield code="Z">Împrumut la Sala</subfield>
    </datafield>
  </record>