
  <record>
    <leader>00000nam a2200000 a 4500</leader>
    <controlfield tag="001">BJSB452366</controlfield>
    <controlfield tag="008">200213s1651####|||||||||||||||||#||####u</controlfield>
    <datafield tag="050" ind1=" " ind2=" ">
      <subfield code="a">094.1(498); 227.2/3</subfield>
    </datafield>
    <datafield tag="100" ind1=" " ind2=" ">
      <subfield code="a">Laeto, Georgio (Laetus, Georgius)</subfield>
    </datafield>
    <datafield tag="245" ind1="1" ind2="0">
      <subfield code="a">In conversionem Pauli Apostoli commentarius practicus. Authore Georgio Laeto</subfield>
      <subfield code="c">Georgio Laeto</subfield>
      <subfield code="h">[Carte tipărită]</subfield>
    </datafield>
    <datafield tag="260" ind1=" " ind2=" ">
      <subfield code="a">Varadini [Oradea]</subfield>
      <subfield code="b">Impensis Abrahami K. Szencim.</subfield>
      <subfield code="c">1651</subfield>
    </datafield>
    <datafield tag="300" ind1=" " ind2=" ">
      <subfield code="a">276 p.; [6] f. ; 16 cm</subfield>
    </datafield>
    <datafield tag="500" ind1=" " ind2=" ">
      <subfield code="a">Legătura: coperți din lemn legate în piele; cotor cu patru nervuri; paginile au custode pe dreapta. Observații: pe recto-ul p. de titlu și pe ultima pagină: ștampilă ovală cu textul: „Biblioteca Astra Sibiu”.  Pe recto-ul p. de titlu: fleuron, iar pe ultima p., vinietă finală. Este colligat cu lucrările: „Pauli Apostoli peregrinatio Caesarea Romam, duabus distincta partibus; Quarum prior complectitur in XXVII; posterior in XXVIII. Cap. Actuum apostolorum Hypotyposin concionum practicarum... studio &amp; opera Georgii Laeti, Moravi ” și Spirituales piae animae deliciae; sive Decem conciones Sacrae Coenae applicatae, &amp; Ecclesiae explicatae ab Abrahamo Eylshemio, verbi Divini Ministro in Beetgum &amp; Englum... Cantic. 6. v. 16. Quam pulcra es, &amp; quam amoena, o Amor, in deliciis istis!</subfield>
    </datafield>
    <datafield tag="650" ind1=" " ind2=" ">
      <subfield code="a">Sfântul Apostol Pavel</subfield>
    </datafield>
    <datafield tag="650" ind1=" " ind2=" ">
      <subfield code="a">Transilvanice</subfield>
    </datafield>
    <datafield tag="650" ind1=" " ind2=" ">
      <subfield code="a">teologie</subfield>
    </datafield>
    <datafield tag="650" ind1=" " ind2=" ">
      <subfield code="a">biserica apostolică</subfield>
    </datafield>
    <datafield tag="995" ind1=" " ind2=" ">
      <subfield code="a">Colecţii Speciale - Transilvanice</subfield>
      <subfield code="D">0.01</subfield>
      <subfield code="e">T00191</subfield>
      <subfield code="F">Sediul_Central_A</subfield>
      <subfield code="j">801 T1</subfield>
      <subfield code="U">Available</subfield>
      <subfield code="W">Feb 13, 2020</subfield>
      <subfield code="y">T00191</subfield>
      <subfield code="Z">Împrumut la Sala</subfield>
    </datafield>
  </record>