
  <record>
    <leader>00000nam a2200000 a 4500</leader>
    <controlfield tag="001">BJSB452352</controlfield>
    <controlfield tag="008">200213s1650####|||||||||||||||||#||####u</controlfield>
    <datafield tag="050" ind1=" " ind2=" ">
      <subfield code="a">094.1(498); 235.3; 227.1</subfield>
    </datafield>
    <datafield tag="100" ind1=" " ind2=" ">
      <subfield code="a">Laetus, Georgius </subfield>
    </datafield>
    <datafield tag="245" ind1="1" ind2="0">
      <subfield code="a">Pauli Apostoli Peregrinatio Caesarea Romam, duabus distincta partibus; quarum Prior Complectitur XXVII; Posterior in XXVIII. Cap. Actuum Apostolorum Hiroturosin Concionum Practicarum; ubi praeter Analysin singulorum versuum &amp; brevem Exegesim, Doctrinae cum fuis Rationibus &amp; usibus ex ipso Contextu erutae tractantur, Methodo dilucida &amp; ad docendum accommodatissima. Studio &amp; opera Georgii Laeti, Moravi.</subfield>
      <subfield code="c">Georgii Laeti, Moravi</subfield>
      <subfield code="h">[Carte tipărită]</subfield>
    </datafield>
    <datafield tag="260" ind1=" " ind2=" ">
      <subfield code="a">Varadini [Oradea]</subfield>
      <subfield code="b">Impensis Abrahami Kertesz Szenciensis</subfield>
      <subfield code="c">1650</subfield>
    </datafield>
    <datafield tag="300" ind1=" " ind2=" ">
      <subfield code="a">257 p.; [6] p. ; 16 cm</subfield>
    </datafield>
    <datafield tag="500" ind1=" " ind2=" ">
      <subfield code="a">Legătura: coperți din lemn legate în piele; cotor cu patru nervuri; paginile au custode pe dreapta. Observații: pe f. de titlu (recto și verso) și pe ultima pagină - ștampilă ovală cu textul: „Biblioteca Astra Sibiu”; pe recto-ul p. de titlu - fleuron, iar pe ultima pagină - vinietă finală. Este colligat cu lucrările: „Georgio Laeto - In conversionem Pauli Apostoli commentarius practicus” și ”Spirituales piae animae deliciae; sive Decem conciones Sacrae Coenae applicatae, &amp; Ecclesiae explicatae ab Abrahamo Eylshemio”</subfield>
    </datafield>
    <datafield tag="650" ind1=" " ind2=" ">
      <subfield code="a">Transilvanice</subfield>
    </datafield>
    <datafield tag="650" ind1=" " ind2=" ">
      <subfield code="a">sfinţi</subfield>
    </datafield>
    <datafield tag="650" ind1=" " ind2=" ">
      <subfield code="a">Apostolul Pavel</subfield>
    </datafield>
    <datafield tag="650" ind1=" " ind2=" ">
      <subfield code="a">teologie</subfield>
    </datafield>
    <datafield tag="650" ind1=" " ind2=" ">
      <subfield code="a">biserica apostolică</subfield>
    </datafield>
    <datafield tag="995" ind1=" " ind2=" ">
      <subfield code="a">Colecţii Speciale - Transilvanice</subfield>
      <subfield code="D">0.01</subfield>
      <subfield code="e">T00190</subfield>
      <subfield code="F">Sediul_Central_A</subfield>
      <subfield code="j">801 T1</subfield>
      <subfield code="U">Available</subfield>
      <subfield code="W">Feb 13, 2020</subfield>
      <subfield code="y">T00190</subfield>
      <subfield code="Z">Împrumut la Sala</subfield>
    </datafield>
  </record>