
  <record>
    <leader>00000nam a2200000 a 4500</leader>
    <controlfield tag="001">BJSB452321</controlfield>
    <controlfield tag="008">200212s1735####|||||||||||||||||#||####u</controlfield>
    <datafield tag="050" ind1=" " ind2=" ">
      <subfield code="a">094.1(498); 261.8</subfield>
    </datafield>
    <datafield tag="100" ind1=" " ind2=" ">
      <subfield code="a">Haller, Pauli</subfield>
    </datafield>
    <datafield tag="245" ind1="1" ind2="0">
      <subfield code="a">Opusculum polemicum Adversus late, praefertim inter Politicos, &amp; doctiores Acatholicos graffantem sectam, vulgo indiferrentismum, Hujusque celebriores hoc saeculo Defensores, Poiretum, Gardenum, &amp; Puffendorffium, solide, &amp; e primis Theologiae principiis, stylo elegantiori, remoto videlicet vulgarium Schilasticarum vocum usu, a quodam S. J. Sacrosanctae Theologiae Doctore elaboratum. Nunc vero honoribus Illustrissimi Domini, Domini Pauli e Comitibus Haller de Hallerko &amp; c... </subfield>
      <subfield code="c">Pauli Haller; editor Georgio Daroczi; tipograf Sim. Thad. Weichenberg</subfield>
      <subfield code="h">[Carte tipărită]</subfield>
    </datafield>
    <datafield tag="260" ind1=" " ind2=" ">
      <subfield code="a">Cluj</subfield>
      <subfield code="b">Typis Academicis Soc. Jesu</subfield>
      <subfield code="c">1735</subfield>
    </datafield>
    <datafield tag="300" ind1=" " ind2=" ">
      <subfield code="a">[14] p.; 488 p.; [2] f. ; 16 cm.</subfield>
    </datafield>
    <datafield tag="500" ind1=" " ind2=" ">
      <subfield code="a">Legătura: coperți din </subfield>
    </datafield>
    <datafield tag="650" ind1=" " ind2=" ">
      <subfield code="a">Transilvanice</subfield>
    </datafield>
    <datafield tag="650" ind1=" " ind2=" ">
      <subfield code="a">teologie</subfield>
    </datafield>
    <datafield tag="650" ind1=" " ind2=" ">
      <subfield code="a">raporturi între biserici</subfield>
    </datafield>
    <datafield tag="856" ind1=" " ind2=" ">
      <subfield code="u">http://www.dspace.bjastrasibiu.ro/bitstream/123456789/10587/1/BJA_CS_000216_T_0001-0526.pdf</subfield>
    </datafield>
    <datafield tag="995" ind1=" " ind2=" ">
      <subfield code="a">Colecţii Speciale - Transilvanice</subfield>
      <subfield code="D">0.01</subfield>
      <subfield code="e">T00216</subfield>
      <subfield code="F">Sediul_Central_A</subfield>
      <subfield code="j">298 T1</subfield>
      <subfield code="U">Available</subfield>
      <subfield code="W">Feb 13, 2020</subfield>
      <subfield code="y">T00216</subfield>
      <subfield code="Z">Împrumut la Sala</subfield>
    </datafield>
  </record>