
  <record>
    <leader>00000nam a2200000 a 4500</leader>
    <controlfield tag="001">BJSB452315</controlfield>
    <controlfield tag="008">200212s1777####|||||||||||||||||#||####u</controlfield>
    <datafield tag="050" ind1=" " ind2=" ">
      <subfield code="a">094.1(498); 314.32</subfield>
    </datafield>
    <datafield tag="100" ind1=" " ind2=" ">
      <subfield code="a">Steidele Janos</subfield>
    </datafield>
    <datafield tag="245" ind1="1" ind2="0">
      <subfield code="a">Magyar Babamesterseg iratatott németnyelven Steidele Janos a’ Bontzolo, Borbély, és bábamesterségeknekk Rendkivüll-Való Szabados Tanitoja, az egybe kötött Sz. Háromság, és spanyol ispotályoknak helybéli Borbély-Mestere által: Mellyet a felsö hatalmas-ságnak parantsolatjára huszanhat tábla-képekkel meg-magyarázva Magyar nyelven ki-adott, Szeli Károly.</subfield>
      <subfield code="c">Steidele Janos</subfield>
      <subfield code="h">[Carte tipărită]</subfield>
    </datafield>
    <datafield tag="260" ind1=" " ind2=" ">
      <subfield code="a">Viena</subfield>
      <subfield code="b">Eszt. a Schulzi Betukkel</subfield>
      <subfield code="c">1777</subfield>
    </datafield>
    <datafield tag="300" ind1=" " ind2=" ">
      <subfield code="a">[7] f.; XXVI p.; 461 p.; [10] p. ; 20 cm</subfield>
    </datafield>
    <datafield tag="500" ind1=" " ind2=" ">
      <subfield code="a">Legătura: coperți din carton recent marmorat.</subfield>
    </datafield>
    <datafield tag="650" ind1=" " ind2=" ">
      <subfield code="a">naşteri</subfield>
    </datafield>
    <datafield tag="650" ind1=" " ind2=" ">
      <subfield code="a">medicină</subfield>
    </datafield>
    <datafield tag="650" ind1=" " ind2=" ">
      <subfield code="a">Transilvanice</subfield>
    </datafield>
    <datafield tag="856" ind1=" " ind2=" ">
      <subfield code="u">http://www.dspace.bjastrasibiu.ro/bitstream/123456789/10574/1/BJA_CS_000246_T_0001-0568.pdf</subfield>
    </datafield>
    <datafield tag="995" ind1=" " ind2=" ">
      <subfield code="a">Colecţii Speciale - Transilvanice</subfield>
      <subfield code="D">0.01</subfield>
      <subfield code="e">T00246</subfield>
      <subfield code="F">Sediul_Central_A</subfield>
      <subfield code="j">532 T1</subfield>
      <subfield code="U">Available</subfield>
      <subfield code="W">Feb 12, 2020</subfield>
      <subfield code="y">T00246</subfield>
      <subfield code="Z">Împrumut la Sala</subfield>
    </datafield>
  </record>