
  <record>
    <leader>00000nam a2200000 a 4500</leader>
    <controlfield tag="001">BJSB452250</controlfield>
    <controlfield tag="008">200212s1677####|||||||||||||||||#||####u</controlfield>
    <datafield tag="050" ind1=" " ind2=" ">
      <subfield code="a">244:283; 094.1(498.4)</subfield>
    </datafield>
    <datafield tag="100" ind1=" " ind2=" ">
      <subfield code="a">Bayly, Lewis</subfield>
    </datafield>
    <datafield tag="245" ind1="1" ind2="0">
      <subfield code="a">Praxis Pietatis, Az Az Keresztyén embert Isten tetczése szeréntvalo járásra igazgató Kegyesseg Gyakorlas. Melly Angliai nyelvböl Magyarrá fordittatta' b.e. Medgyesi Pal által. Es immár hatodszor, az e'kédiekben esett minden-némü hibáktúl meg-tisztúltan, söt sok hellyeken meg-is jobbultan : az Authornak szép és igen szükséges Elöljáró beszédével egy-gyütt ki-bocsáttatott ...</subfield>
      <subfield code="c">Lewis Bayly ; forditotta: Medgyesi Pal</subfield>
      <subfield code="h">[Carte tipărită]</subfield>
    </datafield>
    <datafield tag="260" ind1=" " ind2=" ">
      <subfield code="a">Colosvaratt [Cluj-Napoca]</subfield>
      <subfield code="b">Veres Egyhazi Mihaly által</subfield>
      <subfield code="c">1677</subfield>
    </datafield>
    <datafield tag="300" ind1=" " ind2=" ">
      <subfield code="a">[36] p., 745 p., 31 p. ; 15 cm</subfield>
    </datafield>
    <datafield tag="500" ind1=" " ind2=" ">
      <subfield code="a">Greșeli de paginație: p. 34 e numerotată p. 32, p. 35 e numerotată 33; p. 302 e numerotată 304, p. 303 e numerotată 305; p. 522 e numerotată 242. Legătura: coperti de lemn învelite în piele, cu cheotori din piele cu alamă parțial deteriorați. Însemnări: pe cop. 2 textul: „Praxis turpitudinis”; pe pagina de titlu textul: „Calumnia impietatis (?)” Observații: pe cop. 2 - ex-libris cu textul: „Beldi Kelemen 1680 die 1. Februarii”; pe recto-ul paginii de titlu și pe ultima pagină - ștampilă ovală cu textul: „Biblioteca Astra Sibiu”.</subfield>
    </datafield>
    <datafield tag="650" ind1=" " ind2=" ">
      <subfield code="a">teologie</subfield>
    </datafield>
    <datafield tag="650" ind1=" " ind2=" ">
      <subfield code="a">teologie dogmatică</subfield>
    </datafield>
    <datafield tag="650" ind1=" " ind2=" ">
      <subfield code="a">Biserica Reformată</subfield>
    </datafield>
    <datafield tag="650" ind1=" " ind2=" ">
      <subfield code="a">literatură religioasă</subfield>
    </datafield>
    <datafield tag="650" ind1=" " ind2=" ">
      <subfield code="a">scrieri religioase</subfield>
    </datafield>
    <datafield tag="650" ind1=" " ind2=" ">
      <subfield code="a">Transilvanice</subfield>
    </datafield>
    <datafield tag="856" ind1=" " ind2=" ">
      <subfield code="u">http://www.dspace.bjastrasibiu.ro/bitstream/123456789/10534/1/BJA_CS_000233_T_0001-0818.pdf</subfield>
    </datafield>
    <datafield tag="995" ind1=" " ind2=" ">
      <subfield code="a">Colecţii Speciale - Transilvanice</subfield>
      <subfield code="D">0.01</subfield>
      <subfield code="e">T00233</subfield>
      <subfield code="F">Sediul_Central_A</subfield>
      <subfield code="j">519 T1</subfield>
      <subfield code="U">Available</subfield>
      <subfield code="W">Feb 13, 2020</subfield>
      <subfield code="y">T00233</subfield>
      <subfield code="Z">Împrumut la Sala</subfield>
    </datafield>
  </record>