
  <record>
    <leader>00000nam a2200000 a 4500</leader>
    <controlfield tag="001">BJSB452194</controlfield>
    <controlfield tag="008">200211s1732####|||||||||||||||||#||####u</controlfield>
    <datafield tag="050" ind1=" " ind2=" ">
      <subfield code="a">271.3; 094.1(498.4)</subfield>
    </datafield>
    <datafield tag="100" ind1=" " ind2=" ">
      <subfield code="a">Bonaventura, Sfânt</subfield>
    </datafield>
    <datafield tag="245" ind1="1" ind2="0">
      <subfield code="a">Sancti Bonaventurae Ordinis Minorum, S.R.E. Cardinalis, Episcopi Albanensis. Seraphici Doctoris Ecclesiae. Speculum Disciplinae ad Novitios, &amp; De Profectu Religiosorum, item Epistola ; Memorialia XXV, pietatis eximia documenta complectens. Jussu Superiorum. Reimpressum In Conventu Csikiensi ad B. V. Visitantem. Anno 1732.</subfield>
      <subfield code="c">Prefață: Paulus Györffi</subfield>
      <subfield code="h">[Carte tipărită]</subfield>
    </datafield>
    <datafield tag="250" ind1=" " ind2=" ">
      <subfield code="a">Reimpressum</subfield>
    </datafield>
    <datafield tag="260" ind1=" " ind2=" ">
      <subfield code="a">[Csiksomlyo] [Șumuleu - Ciuc]</subfield>
      <subfield code="b">Conventu Csikiensi</subfield>
      <subfield code="c">1732</subfield>
    </datafield>
    <datafield tag="300" ind1=" " ind2=" ">
      <subfield code="a">[29] p.; 393 p.; [1] p. ; 14 cm</subfield>
    </datafield>
    <datafield tag="500" ind1=" " ind2=" ">
      <subfield code="a">Legătura: coperți din carton legate în piele. Însemnări: fila de gardă, însemnări ilizibile; fila de titlu: Conventus Csik[...] [...]</subfield>
    </datafield>
    <datafield tag="650" ind1=" " ind2=" ">
      <subfield code="a">teologie</subfield>
    </datafield>
    <datafield tag="650" ind1=" " ind2=" ">
      <subfield code="a">ordine religioase</subfield>
    </datafield>
    <datafield tag="650" ind1=" " ind2=" ">
      <subfield code="a">franciscani</subfield>
    </datafield>
    <datafield tag="650" ind1=" " ind2=" ">
      <subfield code="a">Transilvanice</subfield>
    </datafield>
    <datafield tag="995" ind1=" " ind2=" ">
      <subfield code="a">Colecţii Speciale - Transilvanice</subfield>
      <subfield code="D">0.01</subfield>
      <subfield code="e">T00108</subfield>
      <subfield code="F">Sediul_Central_A</subfield>
      <subfield code="j">400 T1</subfield>
      <subfield code="U">Available</subfield>
      <subfield code="W">Jun 17, 2020</subfield>
      <subfield code="y">T00108</subfield>
      <subfield code="Z">Împrumut la Sala</subfield>
    </datafield>
    <datafield tag="995" ind1=" " ind2=" ">
      <subfield code="a">Colecţii Speciale - Transilvanice</subfield>
      <subfield code="D">0.01</subfield>
      <subfield code="e">T00110</subfield>
      <subfield code="F">Sediul_Central_A</subfield>
      <subfield code="j">402 T1</subfield>
      <subfield code="U">Available</subfield>
      <subfield code="W">Feb 12, 2020</subfield>
      <subfield code="y">T00110</subfield>
      <subfield code="Z">Împrumut la Sala</subfield>
    </datafield>
  </record>