
  <record>
    <leader>00000nam a2200000 a 4500</leader>
    <controlfield tag="001">BJSB452167</controlfield>
    <controlfield tag="008">200211s1679####|||||||||||||||||#||####u</controlfield>
    <datafield tag="050" ind1=" " ind2=" ">
      <subfield code="a">238.1:282; 265.31/.34; 094.1(498.4)</subfield>
    </datafield>
    <datafield tag="100" ind1=" " ind2=" ">
      <subfield code="a">Bossuet, Jacques-Bénigne</subfield>
    </datafield>
    <datafield tag="245" ind1="1" ind2="0">
      <subfield code="a">Jacobi Benigni Bossueti Episcopi Condomensis, Serenissimi Galliarum Delphini Praeceptoris ; Nec Non Serenissimae Delphinae Bavaricae Primi Eleemosynarii, &amp;c. Doctrinae Catholicae de iis Argumentis, de quibus controversiae sunt, expositio, e Gallico Latina, ex recensione Abbatis Floridi ab Authore revisa, probataque</subfield>
      <subfield code="c">Jacob Benigni Bossuet</subfield>
      <subfield code="h">[Carte tipărită]</subfield>
    </datafield>
    <datafield tag="260" ind1=" " ind2=" ">
      <subfield code="a">Temesiae [Timișoara]</subfield>
      <subfield code="b">Typis Iosephi Antonii Slovatzeck, S. C. R. Privil. Typographi</subfield>
      <subfield code="c">[1679]</subfield>
    </datafield>
    <datafield tag="300" ind1=" " ind2=" ">
      <subfield code="a">8 [p.], 116 p. ; 17 cm</subfield>
    </datafield>
    <datafield tag="500" ind1=" " ind2=" ">
      <subfield code="a">Legătura: coperți de carton marmorat ; pe cotorul îmbrăcat în piele:„ Bossueti Doctr Cath Expositio”; paginile au custode pe dreapta; stare de conservare bună. Observații: pe foaia de titlu și pe ultima pagină - ștampilă ovală cu textul: „Biblioteca Astra Sibiu”</subfield>
    </datafield>
    <datafield tag="650" ind1=" " ind2=" ">
      <subfield code="a">catehism</subfield>
    </datafield>
    <datafield tag="650" ind1=" " ind2=" ">
      <subfield code="a">sacramente</subfield>
    </datafield>
    <datafield tag="650" ind1=" " ind2=" ">
      <subfield code="a">biserica catolica</subfield>
    </datafield>
    <datafield tag="650" ind1=" " ind2=" ">
      <subfield code="a">doctrina catolică</subfield>
    </datafield>
    <datafield tag="650" ind1=" " ind2=" ">
      <subfield code="a">teologie</subfield>
    </datafield>
    <datafield tag="650" ind1=" " ind2=" ">
      <subfield code="a">catolicism</subfield>
    </datafield>
    <datafield tag="650" ind1=" " ind2=" ">
      <subfield code="a">teologie dogmatică</subfield>
    </datafield>
    <datafield tag="650" ind1=" " ind2=" ">
      <subfield code="a">Transilvanice</subfield>
    </datafield>
    <datafield tag="856" ind1=" " ind2=" ">
      <subfield code="u">http://www.dspace.bjastrasibiu.ro/bitstream/123456789/10191/1/BJA_CS_000187_T_0001-0132.pdf</subfield>
    </datafield>
    <datafield tag="995" ind1=" " ind2=" ">
      <subfield code="a">Colecţii Speciale - Transilvanice</subfield>
      <subfield code="D">0.01</subfield>
      <subfield code="e">T00187</subfield>
      <subfield code="F">Sediul_Central_A</subfield>
      <subfield code="j">750 T1</subfield>
      <subfield code="U">Available</subfield>
      <subfield code="W">Feb 12, 2020</subfield>
      <subfield code="y">T00187</subfield>
      <subfield code="Z">Împrumut la Sala</subfield>
    </datafield>
  </record>