
  <record>
    <leader>00000nam a2200000 a 4500</leader>
    <controlfield tag="001">BJSB452123</controlfield>
    <controlfield tag="008">200211s1724####|||||||||||||||||#||####u</controlfield>
    <datafield tag="050" ind1=" " ind2=" ">
      <subfield code="a">094.1(498); 22.07</subfield>
    </datafield>
    <datafield tag="245" ind1="0" ind2="0">
      <subfield code="a">Az Igaz, és Nem-Igaz Hitnek Proba-Köve. Melly Meg-mutatja, hogy semmit nem lehet üdvöfségefen hinni, vagy a’Hit dolgában támadott, és támadható Egyenetlenségeket el0igazitani: ha tsak az Anyaszentegy-háznak értelmihez, és kézröl-kézre adatott tanitásához, avagy Traditioihoz nem folyamodunk. Ki-bot botsáttatoit a Jésus Társaság-béli P. Raicsáni János által.</subfield>
      <subfield code="h">[Carte tipărită]</subfield>
    </datafield>
    <datafield tag="260" ind1=" " ind2=" ">
      <subfield code="a">Trnava</subfield>
      <subfield code="b">A'Jesus Társasága bötüivel</subfield>
      <subfield code="c">1724</subfield>
    </datafield>
    <datafield tag="300" ind1=" " ind2=" ">
      <subfield code="a">188 p.; [2] f. ; 17 cm</subfield>
    </datafield>
    <datafield tag="500" ind1=" " ind2=" ">
      <subfield code="a">Legătura: coperți din carton legate în piele. Însemnări: fila de titlu. Convent. Cibin.</subfield>
    </datafield>
    <datafield tag="650" ind1=" " ind2=" ">
      <subfield code="a">Biblia</subfield>
    </datafield>
    <datafield tag="650" ind1=" " ind2=" ">
      <subfield code="a">exegeză biblică</subfield>
    </datafield>
    <datafield tag="650" ind1=" " ind2=" ">
      <subfield code="a">teologie</subfield>
    </datafield>
    <datafield tag="650" ind1=" " ind2=" ">
      <subfield code="a">Transilvanice</subfield>
    </datafield>
    <datafield tag="856" ind1=" " ind2=" ">
      <subfield code="u">http://www.dspace.bjastrasibiu.ro/bitstream/123456789/10292/1/BJA_CS_000184_T_0001-0198.pdf</subfield>
    </datafield>
    <datafield tag="995" ind1=" " ind2=" ">
      <subfield code="a">Colecţii Speciale - Transilvanice</subfield>
      <subfield code="D">0.01</subfield>
      <subfield code="e">T00184</subfield>
      <subfield code="F">Sediul_Central_A</subfield>
      <subfield code="j">703 T1</subfield>
      <subfield code="U">Available</subfield>
      <subfield code="W">Feb 11, 2020</subfield>
      <subfield code="y">T00184</subfield>
      <subfield code="Z">Împrumut la Sala</subfield>
    </datafield>
  </record>