
  <record>
    <leader>00000nam a2200000 a 4500</leader>
    <controlfield tag="001">BJSB452121</controlfield>
    <controlfield tag="008">200211s1723####|||||||||||||||||#||####u</controlfield>
    <datafield tag="050" ind1=" " ind2=" ">
      <subfield code="a">094.1(498); 22.07</subfield>
    </datafield>
    <datafield tag="100" ind1=" " ind2=" ">
      <subfield code="a">Rajcsani, Joanne</subfield>
    </datafield>
    <datafield tag="245" ind1="1" ind2="0">
      <subfield code="a">Opuscula de Vera et Falsa Fidei Regula, in quo oftenditur, nihil posse Fide Divina credi, nihil in rebus Fidei Controversis decidi, nisi ad Ecclesiae sensum, &amp; traditionem recurratur; a R. P. Joanne Rajcsani, e Societate Jesu, SS. Theologiae Doctore, &amp; in Alma Regia Academia Claudopolitana in Transyilvania, Inclytae Facultatis Philosophicae Decano concinnatum.</subfield>
      <subfield code="c">Joanne Rajcsani; tipograf Henricum Frauenheim</subfield>
      <subfield code="h">[Carte tipărită]</subfield>
    </datafield>
    <datafield tag="260" ind1=" " ind2=" ">
      <subfield code="a">Cassoviae</subfield>
      <subfield code="b">Typis Academicis per Joan Henricum Frauenheim</subfield>
      <subfield code="c">1723</subfield>
    </datafield>
    <datafield tag="300" ind1=" " ind2=" ">
      <subfield code="a">138 p.; [2] f. ; 16 cm</subfield>
    </datafield>
    <datafield tag="500" ind1=" " ind2=" ">
      <subfield code="a">Legătura: carton legat în piele. Însemnări: fila de titlu: Convent Cibin.</subfield>
    </datafield>
    <datafield tag="650" ind1=" " ind2=" ">
      <subfield code="a">Transilvanice</subfield>
    </datafield>
    <datafield tag="650" ind1=" " ind2=" ">
      <subfield code="a">Biblia</subfield>
    </datafield>
    <datafield tag="650" ind1=" " ind2=" ">
      <subfield code="a">teologie</subfield>
    </datafield>
    <datafield tag="650" ind1=" " ind2=" ">
      <subfield code="a">exegeză biblică</subfield>
    </datafield>
    <datafield tag="856" ind1=" " ind2=" ">
      <subfield code="u">http://www.dspace.bjastrasibiu.ro/bitstream/123456789/10310/1/BJA_CS_000203_T_0001-0146.pdf</subfield>
    </datafield>
    <datafield tag="995" ind1=" " ind2=" ">
      <subfield code="a">Colecţii Speciale - Transilvanice</subfield>
      <subfield code="D">0.01</subfield>
      <subfield code="e">T00203</subfield>
      <subfield code="F">Sediul_Central_A</subfield>
      <subfield code="j">906 T1</subfield>
      <subfield code="U">Available</subfield>
      <subfield code="W">Feb 11, 2020</subfield>
      <subfield code="y">T00203</subfield>
      <subfield code="Z">Împrumut la Sala</subfield>
    </datafield>
  </record>