
  <record>
    <leader>00000nam a2200000 a 4500</leader>
    <controlfield tag="001">BJSB452110</controlfield>
    <controlfield tag="008">200211s1726####|||||||||||||||||#||####u</controlfield>
    <datafield tag="050" ind1=" " ind2=" ">
      <subfield code="a">094.1(498); 165.71</subfield>
    </datafield>
    <datafield tag="100" ind1=" " ind2=" ">
      <subfield code="a">Barclaji, Joannis</subfield>
    </datafield>
    <datafield tag="245" ind1="1" ind2="0">
      <subfield code="a">Paraenesis ad Sectarios Romae primum edita, Seculi proxime superioris Anno XVII. Deinde Cum prope interdicidisset, ab interitu vindicata, &amp; luci reddita, ac honoribus Illustrissomorum Dominorum Ladislai Lazar, Comitis de Szarhegy, &amp; Georgii Haller, L. B. de Hallerko a Condiscipuli Neo-Baccalaureis oblata Anno 1726. </subfield>
      <subfield code="c">Joannis Barclaji</subfield>
      <subfield code="h">[Carte tipărită]</subfield>
    </datafield>
    <datafield tag="260" ind1=" " ind2=" ">
      <subfield code="a">Cluj</subfield>
      <subfield code="b">[S.n.]</subfield>
      <subfield code="c">1726</subfield>
    </datafield>
    <datafield tag="300" ind1=" " ind2=" ">
      <subfield code="a">[11] f.; 365 p.; 13 cm</subfield>
    </datafield>
    <datafield tag="500" ind1=" " ind2=" ">
      <subfield code="a">Legătura: coperți din carton recent marmorat. Însemnări: fila de titlu: Convent. Cibinien.</subfield>
    </datafield>
    <datafield tag="650" ind1=" " ind2=" ">
      <subfield code="a">Transilvanice</subfield>
    </datafield>
    <datafield tag="650" ind1=" " ind2=" ">
      <subfield code="a">teologie</subfield>
    </datafield>
    <datafield tag="650" ind1=" " ind2=" ">
      <subfield code="a">dogmatism</subfield>
    </datafield>
    <datafield tag="856" ind1=" " ind2=" ">
      <subfield code="u">http://www.dspace.bjastrasibiu.ro/bitstream/123456789/10383/1/BJA_CS_000200_T_0001-0375.pdf</subfield>
    </datafield>
    <datafield tag="995" ind1=" " ind2=" ">
      <subfield code="a">Colecţii Speciale - Transilvanice</subfield>
      <subfield code="D">0.01</subfield>
      <subfield code="e">T00200</subfield>
      <subfield code="F">Sediul_Central_A</subfield>
      <subfield code="j">903 T1</subfield>
      <subfield code="U">Available</subfield>
      <subfield code="W">Feb 11, 2020</subfield>
      <subfield code="y">T00200</subfield>
      <subfield code="Z">Împrumut la Sala</subfield>
    </datafield>
  </record>