
  <record>
    <leader>00000nam a2200000 a 4500</leader>
    <controlfield tag="001">BJSB452078</controlfield>
    <controlfield tag="008">200210s1708####|||||||||||||||||#||####u</controlfield>
    <datafield tag="050" ind1=" " ind2=" ">
      <subfield code="a">094.1(498); 232</subfield>
    </datafield>
    <datafield tag="245" ind1="0" ind2="0">
      <subfield code="a">Urunk Jesus Christus Olvasójának Romai Pápáktól, és kiváltképpen X. Kelemen Páptól ezen Olvasót imádkozónak engedtetett Búcsúkkal. Mellyben Elól sommában le-irattatik B. Mihályanak a Camaldulensis Szerzeten lévó Remetének élete, ki szerzóje vólt ezen Olvasónak.</subfield>
      <subfield code="h">[Carte tipărită]</subfield>
    </datafield>
    <datafield tag="260" ind1=" " ind2=" ">
      <subfield code="a">Trnava</subfield>
      <subfield code="b">Academiai Bótúkkel</subfield>
      <subfield code="c">1708</subfield>
    </datafield>
    <datafield tag="300" ind1=" " ind2=" ">
      <subfield code="a">[2] f.; 78 p. ; 14 cm</subfield>
    </datafield>
    <datafield tag="500" ind1=" " ind2=" ">
      <subfield code="a">Legătura: coperți din carton recent de culoare maronie.</subfield>
    </datafield>
    <datafield tag="650" ind1=" " ind2=" ">
      <subfield code="a">teologie</subfield>
    </datafield>
    <datafield tag="650" ind1=" " ind2=" ">
      <subfield code="a">Transilvanice</subfield>
    </datafield>
    <datafield tag="650" ind1=" " ind2=" ">
      <subfield code="a">Isus Cristos</subfield>
    </datafield>
    <datafield tag="650" ind1=" " ind2=" ">
      <subfield code="a">cristologie</subfield>
    </datafield>
    <datafield tag="995" ind1=" " ind2=" ">
      <subfield code="a">Colecţii Speciale - Transilvanice</subfield>
      <subfield code="D">0.01</subfield>
      <subfield code="e">T00224</subfield>
      <subfield code="F">Sediul_Central_A</subfield>
      <subfield code="j">708 T1</subfield>
      <subfield code="U">Available</subfield>
      <subfield code="W">Feb 10, 2020</subfield>
      <subfield code="y">T00224</subfield>
      <subfield code="Z">Împrumut la Sala</subfield>
    </datafield>
  </record>