
  <record>
    <leader>00000nam a2200000 a 4500</leader>
    <controlfield tag="001">BJSB452066</controlfield>
    <controlfield tag="008">200210s1760####|||||||||||||||||#||####u</controlfield>
    <datafield tag="050" ind1=" " ind2=" ">
      <subfield code="a">094.1(498); 101.3</subfield>
    </datafield>
    <datafield tag="245" ind1="0" ind2="0">
      <subfield code="a">Assertiones ex Universa Philosophia quas sub Paternis Auspiciis Perillustris Domini Lucae Placsintár</subfield>
      <subfield code="c">Editor Lucae Placsintar</subfield>
      <subfield code="h">[Carte tipărită]</subfield>
    </datafield>
    <datafield tag="260" ind1=" " ind2=" ">
      <subfield code="a">Cluj</subfield>
      <subfield code="b">[S.n.]</subfield>
      <subfield code="c">1760</subfield>
    </datafield>
    <datafield tag="300" ind1=" " ind2=" ">
      <subfield code="a">[4] f.; 351 p.; [14] f. ; 17 cm</subfield>
    </datafield>
    <datafield tag="500" ind1=" " ind2=" ">
      <subfield code="a">Legătura: coperți din carton recent marmorat.  </subfield>
    </datafield>
    <datafield tag="650" ind1=" " ind2=" ">
      <subfield code="a">Transilvanice</subfield>
    </datafield>
    <datafield tag="650" ind1=" " ind2=" ">
      <subfield code="a">filosofie</subfield>
    </datafield>
    <datafield tag="650" ind1=" " ind2=" ">
      <subfield code="a">domenii ale filosofiei</subfield>
    </datafield>
    <datafield tag="856" ind1=" " ind2=" ">
      <subfield code="u">http://www.dspace.bjastrasibiu.ro/bitstream/123456789/10689/1/BJA_CS_000188_T_0001-0377.pdf</subfield>
    </datafield>
    <datafield tag="995" ind1=" " ind2=" ">
      <subfield code="a">Colecţii Speciale - Transilvanice</subfield>
      <subfield code="D">0.01</subfield>
      <subfield code="e">T00188</subfield>
      <subfield code="F">Sediul_Central_A</subfield>
      <subfield code="j">770 T1</subfield>
      <subfield code="U">Available</subfield>
      <subfield code="W">Feb 10, 2020</subfield>
      <subfield code="y">T00188</subfield>
      <subfield code="Z">Împrumut la Sala</subfield>
    </datafield>
  </record>