
  <record>
    <leader>00000nam a2200000 a 4500</leader>
    <controlfield tag="001">BJSB452061</controlfield>
    <controlfield tag="008">200210s1731####|||||||||||||||||#||####u</controlfield>
    <datafield tag="050" ind1=" " ind2=" ">
      <subfield code="a">094.1(498); 264-11</subfield>
    </datafield>
    <datafield tag="245" ind1="0" ind2="0">
      <subfield code="a">Evangeliomok Mellyeket Esztendeo által olvastat az Anya-Szentegyháza a’ Rómaik Kalendáriomrende szerént való Vasárnapokon, Innepeken, és némelly kivált-képen való ajtatossággal üllendó napokon Magyar Országban és Erdélben</subfield>
      <subfield code="c">Editor Csete Josef</subfield>
      <subfield code="h">[Carte tipărită]</subfield>
    </datafield>
    <datafield tag="260" ind1=" " ind2=" ">
      <subfield code="a">Trnava</subfield>
      <subfield code="b">Az Academiai Botukkel</subfield>
      <subfield code="c">1731</subfield>
    </datafield>
    <datafield tag="300" ind1=" " ind2=" ">
      <subfield code="a">[10] f.; 112 p. ; 19 cm</subfield>
    </datafield>
    <datafield tag="500" ind1=" " ind2=" ">
      <subfield code="a">Legătura: coperți din carton recent</subfield>
    </datafield>
    <datafield tag="650" ind1=" " ind2=" ">
      <subfield code="a">calendare ecleziastice</subfield>
    </datafield>
    <datafield tag="650" ind1=" " ind2=" ">
      <subfield code="a">Transilvanice</subfield>
    </datafield>
    <datafield tag="856" ind1=" " ind2=" ">
      <subfield code="u">http://www.dspace.bjastrasibiu.ro/bitstream/123456789/10686/1/BJA_CS_000183_T_0001-0138.pdf</subfield>
    </datafield>
    <datafield tag="995" ind1=" " ind2=" ">
      <subfield code="a">Colecţii Speciale - Transilvanice</subfield>
      <subfield code="D">0.01</subfield>
      <subfield code="e">T00183</subfield>
      <subfield code="F">Sediul_Central_A</subfield>
      <subfield code="j">704 T1</subfield>
      <subfield code="U">Available</subfield>
      <subfield code="W">Feb 10, 2020</subfield>
      <subfield code="y">T00183</subfield>
      <subfield code="Z">Împrumut la Sala</subfield>
    </datafield>
  </record>