
  <record>
    <leader>00000nam a2200000 a 4500</leader>
    <controlfield tag="001">BJSB451878</controlfield>
    <controlfield tag="008">200206s1782####|||||||||||||||||#||####u</controlfield>
    <datafield tag="050" ind1=" " ind2=" ">
      <subfield code="a">094.1(498); 501</subfield>
    </datafield>
    <datafield tag="100" ind1=" " ind2=" ">
      <subfield code="a">Fangh, Stephani</subfield>
    </datafield>
    <datafield tag="245" ind1="1" ind2="0">
      <subfield code="a">Positiones ex Philosophia Universa quas sub Gratiosissimis auspiciis Reverendissimi Domini Domini Stephani Fangh Ecclesiae Cathedralis Albo-Carolinensis, Prout Suae Excellentiae Comitis Episcopi Transylvaniae a Latere Canonici Eiusdemque Ecclesiae Cathedralis, ac Districtuum Albensis, Cybiniensis, et Hunyadinensis Archi-Diaconi, Domini, ac Patroni fui Gratiosissimi publice propugnavit Reverendus Nobilis, ac Perdoctus Dominus Andreas Gergely Seminarii, S. Ignatii Dioec. Tran. Alumnus</subfield>
      <subfield code="c">Stephani Fangh; pref. Andreas Gergely</subfield>
      <subfield code="h">[Carte tipărită]</subfield>
    </datafield>
    <datafield tag="260" ind1=" " ind2=" ">
      <subfield code="a">[S.n]</subfield>
      <subfield code="b">Typis Iosephi Francisci Kollman</subfield>
      <subfield code="c">1782</subfield>
    </datafield>
    <datafield tag="300" ind1=" " ind2=" ">
      <subfield code="a">[4] f.; 22 p.; 17 cm</subfield>
    </datafield>
    <datafield tag="500" ind1=" " ind2=" ">
      <subfield code="a">Legătura: carton recnt de culoare albastră. Însemnări: coperta 2: Carte aceasta ieste alui Ioan Popovici dela Asenălu[...] Observații: coperta 2, ștampilă ovală cu textul: Biblioteca Centrală a Asociațiunii. Sibiiu</subfield>
    </datafield>
    <datafield tag="650" ind1=" " ind2=" ">
      <subfield code="a">compendii</subfield>
    </datafield>
    <datafield tag="650" ind1=" " ind2=" ">
      <subfield code="a">științe exacte</subfield>
    </datafield>
    <datafield tag="650" ind1=" " ind2=" ">
      <subfield code="a">Transilvanice</subfield>
    </datafield>
    <datafield tag="995" ind1=" " ind2=" ">
      <subfield code="a">Colecţii Speciale - Transilvanice</subfield>
      <subfield code="D">0.01</subfield>
      <subfield code="e">T00003</subfield>
      <subfield code="F">Sediul_Central_A</subfield>
      <subfield code="j">101 T1</subfield>
      <subfield code="U">Available</subfield>
      <subfield code="W">Feb 10, 2020</subfield>
      <subfield code="y">T00003</subfield>
      <subfield code="Z">Împrumut la Sala</subfield>
    </datafield>
  </record>