
  <record>
    <leader>00000nam a2200000 a 4500</leader>
    <controlfield tag="001">BJSB451854</controlfield>
    <controlfield tag="008">200206s1695####|||||||||||||||||#||####u</controlfield>
    <datafield tag="050" ind1=" " ind2=" ">
      <subfield code="a">094.1(498); 929.6</subfield>
    </datafield>
    <datafield tag="100" ind1=" " ind2=" ">
      <subfield code="a">Pariz Papai, Francisci</subfield>
    </datafield>
    <datafield tag="245" ind1="1" ind2="0">
      <subfield code="a">Ars Heraldica seu Consuetudinum Heraldicarum, quarum crebrior passim &amp; usus, &amp; in Historiis, praecipue Europaeis mentio, Synopsis. Collecta, &amp; in hunc pugillum, in gratiam imprimis Nobilitatis Transilvanicae contracta. Opere &amp; veritate Francisci Pariz Papai, Med. D. &amp; in alma Enyedina P. P.</subfield>
      <subfield code="c">Francisci Pariz Papai</subfield>
      <subfield code="h">[Carte tipărită]</subfield>
    </datafield>
    <datafield tag="260" ind1=" " ind2=" ">
      <subfield code="a">Cluj</subfield>
      <subfield code="b">Off. Nicolai Kis de M. Totfalu</subfield>
      <subfield code="c">1695</subfield>
    </datafield>
    <datafield tag="300" ind1=" " ind2=" ">
      <subfield code="a">[12] f.; 206 p. ; 13 cm</subfield>
    </datafield>
    <datafield tag="500" ind1=" " ind2=" ">
      <subfield code="a">Legătura: coperți din carton recent. Însemnări: coperta 2: încercări de condei; fila de gardă: [...] Ego Sum Paulus Buday; coperta 3: însemnări ilizibile. Observații: fila de gardă, ștampilă ovală cu textul: Biblioteca Asociat. Trane. Rom. P. Cult. Si Lit. Pop. Rom.; fila de gardă v: ștampilă dreptunghiulară cu text parțial lizibil: Biblioteca Astrei Centrala Sibiiu I 5372</subfield>
    </datafield>
    <datafield tag="650" ind1=" " ind2=" ">
      <subfield code="a">Transilvanice</subfield>
    </datafield>
    <datafield tag="650" ind1=" " ind2=" ">
      <subfield code="a">heraldică</subfield>
    </datafield>
    <datafield tag="995" ind1=" " ind2=" ">
      <subfield code="a">Colecţii Speciale - Transilvanice</subfield>
      <subfield code="D">0.01</subfield>
      <subfield code="e">T00016</subfield>
      <subfield code="F">Sediul_Central_A</subfield>
      <subfield code="j">205 T1</subfield>
      <subfield code="U">Available</subfield>
      <subfield code="W">Feb 6, 2020</subfield>
      <subfield code="y">T00016</subfield>
      <subfield code="Z">Împrumut la Sala</subfield>
    </datafield>
  </record>