
  <record>
    <leader>00000nam a2200000 a 4500</leader>
    <controlfield tag="001">BJSB451851</controlfield>
    <controlfield tag="008">200206s1749####|||||||||||||||||#||####u</controlfield>
    <datafield tag="050" ind1=" " ind2=" ">
      <subfield code="a">094.1(498); 22.07</subfield>
    </datafield>
    <datafield tag="100" ind1=" " ind2=" ">
      <subfield code="a">Peringer, Andream</subfield>
    </datafield>
    <datafield tag="245" ind1="1" ind2="0">
      <subfield code="a">In idola orbis terrarum actio continuata honoribus Reveredorum, Perillustrium, Praenobilium, ac Eruditorum Dominorum, Dominorum AA. LL. &amp; Philosophiae Neo-Doctorum cum in Alma, ac Regio-Principali Soc. J. Universitate Claudiopolitana per R. P. Andream Peringer...</subfield>
      <subfield code="c">Andream Peringer</subfield>
      <subfield code="h">[Carte tipărită]</subfield>
    </datafield>
    <datafield tag="260" ind1=" " ind2=" ">
      <subfield code="a">Cluj</subfield>
      <subfield code="b">Typis Academicis Soc. Jesu</subfield>
      <subfield code="c">1749</subfield>
    </datafield>
    <datafield tag="300" ind1=" " ind2=" ">
      <subfield code="a">132 p.; 13 cm</subfield>
    </datafield>
    <datafield tag="500" ind1=" " ind2=" ">
      <subfield code="a">Legătura: coperți din carton recent marmorat. Însemnări: fila de gardă v: [...] 2663 [...]</subfield>
    </datafield>
    <datafield tag="650" ind1=" " ind2=" ">
      <subfield code="a">teologie</subfield>
    </datafield>
    <datafield tag="650" ind1=" " ind2=" ">
      <subfield code="a">Transilvanice</subfield>
    </datafield>
    <datafield tag="650" ind1=" " ind2=" ">
      <subfield code="a">exegeză biblică</subfield>
    </datafield>
    <datafield tag="995" ind1=" " ind2=" ">
      <subfield code="a">Colecţii Speciale - Transilvanice</subfield>
      <subfield code="D">0.01</subfield>
      <subfield code="e">T00011</subfield>
      <subfield code="F">Sediul_Central_A</subfield>
      <subfield code="j">200 T1</subfield>
      <subfield code="U">Available</subfield>
      <subfield code="W">Feb 6, 2020</subfield>
      <subfield code="y">T00011</subfield>
      <subfield code="Z">Împrumut la Sala</subfield>
    </datafield>
  </record>