
  <record>
    <leader>00000nam a2200000 a 4500</leader>
    <controlfield tag="001">BJSB451844</controlfield>
    <controlfield tag="008">200206s1734####|||||||||||||||||#||####u</controlfield>
    <datafield tag="050" ind1=" " ind2=" ">
      <subfield code="a">094.1(498); 22.07</subfield>
    </datafield>
    <datafield tag="100" ind1=" " ind2=" ">
      <subfield code="a">Duns-Scoti, Joannis</subfield>
    </datafield>
    <datafield tag="245" ind1="1" ind2="0">
      <subfield code="a">Circulus Menstruus Christianarum Cogitationum dum Theses ex Universa Doctoris Mariano-Subtilis Joannis Duns-Scoti Theologia in Conventu Claudiopolitano B. V. M. ad Nives, Ord. Min. S. P. N. Francisci Strict. Obser. publice defendendas exposuiffen. PP. FF. Basilius Keresztes &amp; Anacletus Ponori...</subfield>
      <subfield code="c">Joannis Duns-Scoti</subfield>
      <subfield code="h">[Carte tipărită]</subfield>
    </datafield>
    <datafield tag="260" ind1=" " ind2=" ">
      <subfield code="a">Cluj</subfield>
      <subfield code="b">Typis Academicis Societ. Jesu</subfield>
      <subfield code="c">1734</subfield>
    </datafield>
    <datafield tag="300" ind1=" " ind2=" ">
      <subfield code="a">[15] p.; 67 p. ; 13 cm</subfield>
    </datafield>
    <datafield tag="500" ind1=" " ind2=" ">
      <subfield code="a">Legătura: coperți din carton recent marmorat. Însemnări: coperta 2: [...] Simplicemento [...] Benigni [...]</subfield>
    </datafield>
    <datafield tag="650" ind1=" " ind2=" ">
      <subfield code="a">Biblia</subfield>
    </datafield>
    <datafield tag="650" ind1=" " ind2=" ">
      <subfield code="a">exegeză biblică</subfield>
    </datafield>
    <datafield tag="650" ind1=" " ind2=" ">
      <subfield code="a">Transilvanice</subfield>
    </datafield>
    <datafield tag="650" ind1=" " ind2=" ">
      <subfield code="a">teologie</subfield>
    </datafield>
    <datafield tag="995" ind1=" " ind2=" ">
      <subfield code="a">Colecţii Speciale - Transilvanice</subfield>
      <subfield code="D">0.01</subfield>
      <subfield code="e">T00014</subfield>
      <subfield code="F">Sediul_Central_A</subfield>
      <subfield code="j">203 T1</subfield>
      <subfield code="U">Available</subfield>
      <subfield code="W">Feb 6, 2020</subfield>
      <subfield code="y">T00014</subfield>
      <subfield code="Z">Împrumut la Sala</subfield>
    </datafield>
  </record>