
  <record>
    <leader>00000nam a2200000 a 4500</leader>
    <controlfield tag="001">BJSB451841</controlfield>
    <controlfield tag="008">200206s1746####|||||||||||||||||#||####u</controlfield>
    <datafield tag="050" ind1=" " ind2=" ">
      <subfield code="a">094.1(498); 371.78</subfield>
    </datafield>
    <datafield tag="100" ind1=" " ind2=" ">
      <subfield code="a">Gebb, Joanne Justo Francisco</subfield>
    </datafield>
    <datafield tag="245" ind1="1" ind2="0">
      <subfield code="a">Medium Praeservans, &amp; Curans Corporis Humani Metuendo contagionis tempore periclitantis Clara, &amp; succinta Methodo expressum, ac approbatum a Joanne Justo Francisco Gebb de De Geroltzhofen, AA. LL. &amp; Philosophiae, &amp; Medicinae Doctore, Sacr. Ceasar. Regiaeque Majest. in Transylvania Carolinensis Fortalitii Physico Ordinario</subfield>
      <subfield code="c">Joanne Justo Francisco Gebb</subfield>
      <subfield code="h">[Carte tipărită]</subfield>
    </datafield>
    <datafield tag="260" ind1=" " ind2=" ">
      <subfield code="a">Cluj</subfield>
      <subfield code="b">Typis Academ. Soc. Jesu </subfield>
      <subfield code="c">1746</subfield>
    </datafield>
    <datafield tag="300" ind1=" " ind2=" ">
      <subfield code="a">116 p. ; 12 cm</subfield>
    </datafield>
    <datafield tag="500" ind1=" " ind2=" ">
      <subfield code="a">Legătura: coperți din carton recent marmorat. Însemnări: coperta 2: Pro A: Rei[...] Patre Provin[...]li Reformat; fila de titlu: Conv. Cibiniensis</subfield>
    </datafield>
    <datafield tag="650" ind1=" " ind2=" ">
      <subfield code="a">sănătate corporală</subfield>
    </datafield>
    <datafield tag="650" ind1=" " ind2=" ">
      <subfield code="a">Transilvanice</subfield>
    </datafield>
    <datafield tag="650" ind1=" " ind2=" ">
      <subfield code="a">sănătate</subfield>
    </datafield>
    <datafield tag="995" ind1=" " ind2=" ">
      <subfield code="a">Colecţii Speciale - Transilvanice</subfield>
      <subfield code="D">0.01</subfield>
      <subfield code="e">T00012</subfield>
      <subfield code="F">Sediul_Central_A</subfield>
      <subfield code="j">201 T1</subfield>
      <subfield code="U">Available</subfield>
      <subfield code="W">Feb 6, 2020</subfield>
      <subfield code="y">T00012</subfield>
      <subfield code="Z">Împrumut la Sala</subfield>
    </datafield>
  </record>