
  <record>
    <leader>00000nam a2200000 a 4500</leader>
    <controlfield tag="001">BJSB451823</controlfield>
    <controlfield tag="008">200206s1782####|||||||||||||||||#||####u</controlfield>
    <datafield tag="050" ind1=" " ind2=" ">
      <subfield code="a">094.1(498); 264-15</subfield>
    </datafield>
    <datafield tag="100" ind1=" " ind2=" ">
      <subfield code="a">Bellarmini, Roberti</subfield>
    </datafield>
    <datafield tag="245" ind1="1" ind2="0">
      <subfield code="a">Der kleine Katechismus des Ehrwurdigen Cardinal Roberti Bellarmini samt Unterricht vor jene die zum erstenmal beichten und communiciren jezt nach vielen Berbesserungen herausgegeben von Sr. Excel. dem Herrn Grafen Ignatz de Batthian Bischoffen von Siebenburgen</subfield>
      <subfield code="c">Roberti Bellarmini; trad. Ignatz de Batthian</subfield>
      <subfield code="h">[Carte tipărită]</subfield>
    </datafield>
    <datafield tag="260" ind1=" " ind2=" ">
      <subfield code="a">Sibiu</subfield>
      <subfield code="b">Tipografia Martin Hochmeister</subfield>
      <subfield code="c">1782</subfield>
    </datafield>
    <datafield tag="300" ind1=" " ind2=" ">
      <subfield code="a">63 p. ; 17 cm</subfield>
    </datafield>
    <datafield tag="500" ind1=" " ind2=" ">
      <subfield code="a">Legătura: coperți din carton. Greșeli de paginație: p. 5 e numerotată 4. Însemnări: fila de titlu: Conventus Cibiniensis.</subfield>
    </datafield>
    <datafield tag="650" ind1=" " ind2=" ">
      <subfield code="a">catehism</subfield>
    </datafield>
    <datafield tag="650" ind1=" " ind2=" ">
      <subfield code="a">Transilvanice</subfield>
    </datafield>
    <datafield tag="650" ind1=" " ind2=" ">
      <subfield code="a">teologie</subfield>
    </datafield>
    <datafield tag="650" ind1=" " ind2=" ">
      <subfield code="a">cărţi liturgice</subfield>
    </datafield>
    <datafield tag="995" ind1=" " ind2=" ">
      <subfield code="a">Colecţii Speciale - Transilvanice</subfield>
      <subfield code="D">0.01</subfield>
      <subfield code="e">T00171</subfield>
      <subfield code="F">Sediul_Central_A</subfield>
      <subfield code="j">504 T1</subfield>
      <subfield code="U">Available</subfield>
      <subfield code="W">Feb 6, 2020</subfield>
      <subfield code="y">T00171</subfield>
      <subfield code="Z">Împrumut la Sala</subfield>
    </datafield>
  </record>