
  <record>
    <leader>00000nam a2200000 a 4500</leader>
    <controlfield tag="001">BJSB451816</controlfield>
    <controlfield tag="008">200206s1733####|||||||||||||||||#||####u</controlfield>
    <datafield tag="050" ind1=" " ind2=" ">
      <subfield code="a">094.1(498.4); 271.3; 242</subfield>
    </datafield>
    <datafield tag="100" ind1=" " ind2=" ">
      <subfield code="a">Nieberle, Aemilian</subfield>
    </datafield>
    <datafield tag="245" ind1="1" ind2="0">
      <subfield code="a">Octava seraphica religioso spiritualia exercitia facienti Singulis annis per Octo Continuos Dies Studiose pariter ac devote celebranda. Authore P. F. Aemiliano Nieberle Ord. S. Francisci FF. Minor. Recollect. Provinciae Argentinae seu Germaniae Superioris p. t. Conventus Augustani... Cum facultate superiorum. Reimpressum : In Conventu Csikiensi. Sumptibus Spect. ac Generosi D. Michaelis Bors</subfield>
      <subfield code="c">P. F. Aemiliano Nieberle Ord. S. Francisci FF. Minor. Recollect. Provinciae Argentinae seu Germaniae Superioris p. t. Conventûs Augustani ad S. Sepulchrum Concionatore Ordinario</subfield>
      <subfield code="h">[Carte tipărită]</subfield>
    </datafield>
    <datafield tag="250" ind1=" " ind2=" ">
      <subfield code="a">Reimpressum</subfield>
    </datafield>
    <datafield tag="260" ind1=" " ind2=" ">
      <subfield code="a">[Șumuleu Ciuc]</subfield>
      <subfield code="b">Conventu Csikiensi</subfield>
      <subfield code="c">1733</subfield>
    </datafield>
    <datafield tag="300" ind1=" " ind2=" ">
      <subfield code="a">[6] f.; 329 p.; [7] p. ; 15 cm</subfield>
    </datafield>
    <datafield tag="500" ind1=" " ind2=" ">
      <subfield code="a">Legătura: coperți din carton legate în piele. Însemnări: coperta 2: Pro usu Prof. Rudolphi [...]; fila de titlu: ad Simplicem usum  F. P. Rudolphi [...]</subfield>
    </datafield>
    <datafield tag="650" ind1=" " ind2=" ">
      <subfield code="a">biserica catolica</subfield>
    </datafield>
    <datafield tag="650" ind1=" " ind2=" ">
      <subfield code="a">franciscani</subfield>
    </datafield>
    <datafield tag="650" ind1=" " ind2=" ">
      <subfield code="a">ordine religioase</subfield>
    </datafield>
    <datafield tag="650" ind1=" " ind2=" ">
      <subfield code="a">creștinism</subfield>
    </datafield>
    <datafield tag="650" ind1=" " ind2=" ">
      <subfield code="a">teologie dogmatică</subfield>
    </datafield>
    <datafield tag="650" ind1=" " ind2=" ">
      <subfield code="a">Transilvanice</subfield>
    </datafield>
    <datafield tag="650" ind1=" " ind2=" ">
      <subfield code="a">doctrina catolică</subfield>
    </datafield>
    <datafield tag="650" ind1=" " ind2=" ">
      <subfield code="a">cărţi de meditaţie</subfield>
    </datafield>
    <datafield tag="650" ind1=" " ind2=" ">
      <subfield code="a">rugaciuni</subfield>
    </datafield>
    <datafield tag="995" ind1=" " ind2=" ">
      <subfield code="a">Colecţii Speciale - Transilvanice</subfield>
      <subfield code="D">0.01</subfield>
      <subfield code="e">T00120</subfield>
      <subfield code="F">Sediul_Central_A</subfield>
      <subfield code="j">412 T1</subfield>
      <subfield code="U">Available</subfield>
      <subfield code="W">Jun 18, 2020</subfield>
      <subfield code="y">T00120</subfield>
      <subfield code="Z">Împrumut la Sala</subfield>
    </datafield>
    <datafield tag="995" ind1=" " ind2=" ">
      <subfield code="a">Colecţii Speciale - Transilvanice</subfield>
      <subfield code="D">0.01</subfield>
      <subfield code="e">T00115</subfield>
      <subfield code="F">Sediul_Central_A</subfield>
      <subfield code="j">407 T1</subfield>
      <subfield code="U">Available</subfield>
      <subfield code="W">Jan 25, 2021</subfield>
      <subfield code="y">T00115</subfield>
      <subfield code="Z">Împrumut la Sala</subfield>
    </datafield>
    <datafield tag="995" ind1=" " ind2=" ">
      <subfield code="a">Colecţii Speciale - Transilvanice</subfield>
      <subfield code="D">0.01</subfield>
      <subfield code="e">T00111</subfield>
      <subfield code="F">Sediul_Central_A</subfield>
      <subfield code="j">403 T1</subfield>
      <subfield code="U">Available</subfield>
      <subfield code="W">Feb 6, 2020</subfield>
      <subfield code="y">T00111</subfield>
      <subfield code="Z">Împrumut la Sala</subfield>
    </datafield>
    <datafield tag="995" ind1=" " ind2=" ">
      <subfield code="a">Colecţii Speciale - Transilvanice</subfield>
      <subfield code="D">0.01</subfield>
      <subfield code="e">T00118</subfield>
      <subfield code="F">Sediul_Central_A</subfield>
      <subfield code="j">410 T1</subfield>
      <subfield code="U">Available</subfield>
      <subfield code="W">Feb 2, 2021</subfield>
      <subfield code="y">T00118</subfield>
      <subfield code="Z">Împrumut la Sala</subfield>
    </datafield>
    <datafield tag="995" ind1=" " ind2=" ">
      <subfield code="a">Colecţii Speciale - Transilvanice</subfield>
      <subfield code="D">0.01</subfield>
      <subfield code="e">T00114</subfield>
      <subfield code="F">Sediul_Central_A</subfield>
      <subfield code="j">406 T1</subfield>
      <subfield code="U">Available</subfield>
      <subfield code="W">Jan 22, 2021</subfield>
      <subfield code="y">T00114</subfield>
      <subfield code="Z">Împrumut la Sala</subfield>
    </datafield>
    <datafield tag="995" ind1=" " ind2=" ">
      <subfield code="a">Colecţii Speciale - Transilvanice</subfield>
      <subfield code="D">0.01</subfield>
      <subfield code="e">T00116</subfield>
      <subfield code="F">Sediul_Central_A</subfield>
      <subfield code="j">408 T1</subfield>
      <subfield code="U">Available</subfield>
      <subfield code="W">Feb 2, 2021</subfield>
      <subfield code="y">T00116</subfield>
      <subfield code="Z">Împrumut la Sala</subfield>
    </datafield>
    <datafield tag="995" ind1=" " ind2=" ">
      <subfield code="a">Colecţii Speciale - Transilvanice</subfield>
      <subfield code="D">0.01</subfield>
      <subfield code="e">T00117</subfield>
      <subfield code="F">Sediul_Central_A</subfield>
      <subfield code="j">409 T1</subfield>
      <subfield code="U">Available</subfield>
      <subfield code="W">Feb 2, 2021</subfield>
      <subfield code="y">T00117</subfield>
      <subfield code="Z">Împrumut la Sala</subfield>
    </datafield>
    <datafield tag="995" ind1=" " ind2=" ">
      <subfield code="a">Colecţii Speciale - Transilvanice</subfield>
      <subfield code="D">0.01</subfield>
      <subfield code="e">T00112</subfield>
      <subfield code="F">Sediul_Central_A</subfield>
      <subfield code="j">404 T1</subfield>
      <subfield code="U">Available</subfield>
      <subfield code="W">Jun 16, 2020</subfield>
      <subfield code="y">T00112</subfield>
      <subfield code="Z">Împrumut la Sala</subfield>
    </datafield>
    <datafield tag="995" ind1=" " ind2=" ">
      <subfield code="a">Colecţii Speciale - Transilvanice</subfield>
      <subfield code="D">0.01</subfield>
      <subfield code="e">T00119</subfield>
      <subfield code="F">Sediul_Central_A</subfield>
      <subfield code="j">411 T1</subfield>
      <subfield code="U">Available</subfield>
      <subfield code="W">Jun 18, 2020</subfield>
      <subfield code="y">T00119</subfield>
      <subfield code="Z">Împrumut la Sala</subfield>
    </datafield>
    <datafield tag="995" ind1=" " ind2=" ">
      <subfield code="a">Colecţii Speciale - Transilvanice</subfield>
      <subfield code="D">0.01</subfield>
      <subfield code="e">T00113</subfield>
      <subfield code="F">Sediul_Central_A</subfield>
      <subfield code="j">405 T1</subfield>
      <subfield code="U">Available</subfield>
      <subfield code="W">Jan 21, 2021</subfield>
      <subfield code="y">T00113</subfield>
      <subfield code="Z">Împrumut la Sala</subfield>
    </datafield>
  </record>