
  <record>
    <leader>00000nam a2200000 a 4500</leader>
    <controlfield tag="001">BJSB451809</controlfield>
    <controlfield tag="008">200206s1761####|||||||||||||||||#||####u</controlfield>
    <datafield tag="050" ind1=" " ind2=" ">
      <subfield code="a">094.1(498); 265.31/34; 232.931</subfield>
    </datafield>
    <datafield tag="245" ind1="0" ind2="0">
      <subfield code="a">Cultus B. Matris Praeter Constantes etiam in Menstruas, Hebdomadarias, quotidianas, et Horarias Praxes Breviter distributus</subfield>
      <subfield code="h">[Carte tipărită]</subfield>
    </datafield>
    <datafield tag="260" ind1=" " ind2=" ">
      <subfield code="a">Cluj</subfield>
      <subfield code="b">Typis Academicis Soc. Jesu</subfield>
      <subfield code="c">1761</subfield>
    </datafield>
    <datafield tag="300" ind1=" " ind2=" ">
      <subfield code="a">48 p.; 14 cm</subfield>
    </datafield>
    <datafield tag="500" ind1=" " ind2=" ">
      <subfield code="a">Legătura: coperți din carton legate în piele. Însemnări: coperta 2: Georgius Mihalcz Ano Domini 1799 Georgius Mihalcz Ano Ano 1799 Georgius Mihalcz Ano 11.6198; coperta 3: Georgius Mihalcz hadves[...] [...] legen hires[...] val hic Batos (?) De[...] Nonter Ano Domini 1.7.10081. [...] Anno 1798 [...] Ano 1896. Anno 1798 [...] Ano Ano 189[...]</subfield>
    </datafield>
    <datafield tag="650" ind1=" " ind2=" ">
      <subfield code="a">teologie</subfield>
    </datafield>
    <datafield tag="650" ind1=" " ind2=" ">
      <subfield code="a">doctrina catolică</subfield>
    </datafield>
    <datafield tag="650" ind1=" " ind2=" ">
      <subfield code="a">venerarea Sf. Maria</subfield>
    </datafield>
    <datafield tag="650" ind1=" " ind2=" ">
      <subfield code="a">Transilvanice</subfield>
    </datafield>
    <datafield tag="856" ind1=" " ind2=" ">
      <subfield code="u">http://www.dspace.bjastrasibiu.ro/bitstream/123456789/80/1/BJA_CS_001174_T.pdf</subfield>
    </datafield>
    <datafield tag="995" ind1=" " ind2=" ">
      <subfield code="a">Colecţii Speciale - Transilvanice</subfield>
      <subfield code="D">0.01</subfield>
      <subfield code="e">T00040</subfield>
      <subfield code="F">Sediul_Central_A</subfield>
      <subfield code="j">229 T1</subfield>
      <subfield code="U">Available</subfield>
      <subfield code="W">Feb 6, 2020</subfield>
      <subfield code="y">T00040</subfield>
      <subfield code="Z">Împrumut la Sala</subfield>
    </datafield>
  </record>