
  <record>
    <leader>00000nam a2200000 a 4500</leader>
    <controlfield tag="001">BJSB451795</controlfield>
    <controlfield tag="008">200206s1768####|||||||||||||||||#||####u</controlfield>
    <datafield tag="050" ind1=" " ind2=" ">
      <subfield code="a">094.1(498); 271.3</subfield>
    </datafield>
    <datafield tag="245" ind1="0" ind2="0">
      <subfield code="a">Octava seraphica avagy nyolcz napok-alatt-tarto exercitium az-az: a’keresztényi, és szerzetesi tekéletes életre vezérló lelki elmélkedéseknek, s’tanuságoknak gyakorlása mely Serafikus Szent Ferencz Szorossab Rendin, Erdélyi Szent István…</subfield>
      <subfield code="h">[Carte tipărită]</subfield>
    </datafield>
    <datafield tag="260" ind1=" " ind2=" ">
      <subfield code="a">Șumuleu Ciuc</subfield>
      <subfield code="b">[S.n.]</subfield>
      <subfield code="c">1768</subfield>
    </datafield>
    <datafield tag="300" ind1=" " ind2=" ">
      <subfield code="a">[16] f.; 324 p.; [2] f. ; 18 cm</subfield>
    </datafield>
    <datafield tag="500" ind1=" " ind2=" ">
      <subfield code="a">Legătura: lipsesc coperțile, se află în folie de protecție. Însemnări: fila de titlu: Residencia Hun (?) [...] A M. Vasarhely Minorum Observ. 1769. Ovservații: pe foaia de titlu (recto și verso), pe ultima pagină și pe forzaț - ștampilă ovală cu textul: Biblioteca Astra Sibiu</subfield>
    </datafield>
    <datafield tag="650" ind1=" " ind2=" ">
      <subfield code="a">teologie</subfield>
    </datafield>
    <datafield tag="650" ind1=" " ind2=" ">
      <subfield code="a">sfinţi</subfield>
    </datafield>
    <datafield tag="650" ind1=" " ind2=" ">
      <subfield code="a">Transilvanice</subfield>
    </datafield>
    <datafield tag="650" ind1=" " ind2=" ">
      <subfield code="a">ordine religioase</subfield>
    </datafield>
    <datafield tag="650" ind1=" " ind2=" ">
      <subfield code="a">franciscani</subfield>
    </datafield>
    <datafield tag="995" ind1=" " ind2=" ">
      <subfield code="a">Colecţii Speciale - Transilvanice</subfield>
      <subfield code="D">0.01</subfield>
      <subfield code="e">T00150</subfield>
      <subfield code="F">Sediul_Central_A</subfield>
      <subfield code="j">442 T1</subfield>
      <subfield code="U">Available</subfield>
      <subfield code="W">Feb 6, 2020</subfield>
      <subfield code="y">T00150</subfield>
      <subfield code="Z">Împrumut la Sala</subfield>
    </datafield>
  </record>