
  <record>
    <leader>00000nam a2200000 a 4500</leader>
    <controlfield tag="001">BJSB451787</controlfield>
    <controlfield tag="008">200205s1752####|||||||||||||||||#||####u</controlfield>
    <datafield tag="050" ind1=" " ind2=" ">
      <subfield code="a">094.1(498); 271.3</subfield>
    </datafield>
    <datafield tag="100" ind1=" " ind2=" ">
      <subfield code="a">Duns-Scoti, Joannis</subfield>
    </datafield>
    <datafield tag="245" ind1="1" ind2="0">
      <subfield code="a">Collis Paradisi Amoenitas, seu Sacri Conventus Assisiensis Historiae a R. P. Magistro Francisco Maria Angeli de Rivotorto Ord. Min. S. P. Francisci Conventualium Conscriptiae. Cum Universam logicam juxta sensum doctoris subtilis Joannis Duns-Scoti...</subfield>
      <subfield code="c">Joannis Duns-Scoti</subfield>
      <subfield code="h">[Carte tipărită]</subfield>
    </datafield>
    <datafield tag="260" ind1=" " ind2=" ">
      <subfield code="a">Cluj</subfield>
      <subfield code="b">[S.n.]</subfield>
      <subfield code="c">1752</subfield>
    </datafield>
    <datafield tag="300" ind1=" " ind2=" ">
      <subfield code="a">[4] f.; 324 p.; [3] p. ; 20 cm</subfield>
    </datafield>
    <datafield tag="500" ind1=" " ind2=" ">
      <subfield code="a">Legătura: coperți din carton legate în piele. Însemnări: fila de gardă: însemnări ilizibile.</subfield>
    </datafield>
    <datafield tag="650" ind1=" " ind2=" ">
      <subfield code="a">Transilvanice</subfield>
    </datafield>
    <datafield tag="650" ind1=" " ind2=" ">
      <subfield code="a">teologie</subfield>
    </datafield>
    <datafield tag="650" ind1=" " ind2=" ">
      <subfield code="a">ordine religioase</subfield>
    </datafield>
    <datafield tag="650" ind1=" " ind2=" ">
      <subfield code="a">franciscani</subfield>
    </datafield>
    <datafield tag="995" ind1=" " ind2=" ">
      <subfield code="a">Colecţii Speciale - Transilvanice</subfield>
      <subfield code="D">0.01</subfield>
      <subfield code="e">T00155</subfield>
      <subfield code="F">Sediul_Central_A</subfield>
      <subfield code="j">447 T1</subfield>
      <subfield code="U">Available</subfield>
      <subfield code="W">Feb 5, 2020</subfield>
      <subfield code="y">T00155</subfield>
      <subfield code="Z">Împrumut la Sala</subfield>
    </datafield>
  </record>