
  <record>
    <leader>00000nam a2200000 a 4500</leader>
    <controlfield tag="001">BJSB451782</controlfield>
    <controlfield tag="008">200205s1771####|||||||||||||||||#||####u</controlfield>
    <datafield tag="050" ind1=" " ind2=" ">
      <subfield code="a">094.1(498); 230.1; 241</subfield>
    </datafield>
    <datafield tag="245" ind1="0" ind2="0">
      <subfield code="a">Dum Assertiones ex Universa Theologia Scholastica, Dogmatica, &amp; Morali. In Conventu A. Carolinensi Ordin. Minor. Regularis Observantiae Provinciae Bulgariae Immacul. Concept. B. V. Mariae Anno 1771. Mense Septembri Die publicae concertationi exponerent VV. PP. Cajetanus Svideczky, Damascenus Fischer, Gabriel Zebra, &amp; Rel. Basilius Prikrivacz, praefati Ordinis, &amp; Provinciae Professi, &amp; SS. Theologiae Studiosi praeside P. Er. Dominco Nagy, ejusd. Ord...</subfield>
      <subfield code="c">Cajetanus Svideczky, Damascenus Fischer, Gabriel Zebra.</subfield>
      <subfield code="h">[Carte tipărită]</subfield>
    </datafield>
    <datafield tag="260" ind1=" " ind2=" ">
      <subfield code="a">Cluj</subfield>
      <subfield code="b">Typis Collegii Academici Societatis Jesu</subfield>
      <subfield code="c">1771</subfield>
    </datafield>
    <datafield tag="300" ind1=" " ind2=" ">
      <subfield code="a">[15] f.; 312 p.; [4] f. ; 17 cm</subfield>
    </datafield>
    <datafield tag="500" ind1=" " ind2=" ">
      <subfield code="a">Legătura: coperți din carton legate în piele.</subfield>
    </datafield>
    <datafield tag="650" ind1=" " ind2=" ">
      <subfield code="a">Transilvanice</subfield>
    </datafield>
    <datafield tag="650" ind1=" " ind2=" ">
      <subfield code="a">teologie dogmatică</subfield>
    </datafield>
    <datafield tag="650" ind1=" " ind2=" ">
      <subfield code="a">teologie</subfield>
    </datafield>
    <datafield tag="650" ind1=" " ind2=" ">
      <subfield code="a">teologie scolastică</subfield>
    </datafield>
    <datafield tag="650" ind1=" " ind2=" ">
      <subfield code="a">teologie morală</subfield>
    </datafield>
    <datafield tag="995" ind1=" " ind2=" ">
      <subfield code="a">Colecţii Speciale - Transilvanice</subfield>
      <subfield code="D">0.01</subfield>
      <subfield code="e">T00066</subfield>
      <subfield code="F">Sediul_Central_A</subfield>
      <subfield code="j">255 T1</subfield>
      <subfield code="U">Available</subfield>
      <subfield code="W">Feb 5, 2020</subfield>
      <subfield code="y">T00066</subfield>
      <subfield code="Z">Împrumut la Sala</subfield>
    </datafield>
  </record>