
  <record>
    <leader>00000nam a2200000 a 4500</leader>
    <controlfield tag="001">BJSB451751</controlfield>
    <controlfield tag="008">200205s1753####|||||||||||||||||#||####u</controlfield>
    <datafield tag="050" ind1=" " ind2=" ">
      <subfield code="a">094.1(498); 235.3</subfield>
    </datafield>
    <datafield tag="100" ind1=" " ind2=" ">
      <subfield code="a">Tamasi Gyorgy</subfield>
    </datafield>
    <datafield tag="245" ind1="1" ind2="0">
      <subfield code="a">Dicsóseges Szent Ferencz Atyank Harmadik Rendén-lévo Atyafianak Regulaja, Mellyet régenten 3-dik Honorius, 9-dik Gergely, és tóbb kóvetkezendó Szentséges Pápák meg erósitvén ki-adtak. Annak-utánna emlitett Sz. Ferencz Szerzete-béli Recollectus Pap…</subfield>
      <subfield code="c">Tamasi Gyorgy</subfield>
      <subfield code="h">[Carte tipărită]</subfield>
    </datafield>
    <datafield tag="260" ind1=" " ind2=" ">
      <subfield code="a">Șumuleu Ciuc</subfield>
      <subfield code="b">[S.n.]</subfield>
      <subfield code="c">1753</subfield>
    </datafield>
    <datafield tag="300" ind1=" " ind2=" ">
      <subfield code="a">[9] f.; 178 p.; [3] f. ; 17 cm</subfield>
    </datafield>
    <datafield tag="500" ind1=" " ind2=" ">
      <subfield code="a">Legătura: coperți din carton legate în piele. Însemnări: fila de titlu: V. Conv. Cibin.</subfield>
    </datafield>
    <datafield tag="650" ind1=" " ind2=" ">
      <subfield code="a">Transilvanice</subfield>
    </datafield>
    <datafield tag="650" ind1=" " ind2=" ">
      <subfield code="a">sfinţi</subfield>
    </datafield>
    <datafield tag="650" ind1=" " ind2=" ">
      <subfield code="a">teologie</subfield>
    </datafield>
    <datafield tag="995" ind1=" " ind2=" ">
      <subfield code="a">Colecţii Speciale - Transilvanice</subfield>
      <subfield code="D">0.01</subfield>
      <subfield code="e">T00145</subfield>
      <subfield code="F">Sediul_Central_A</subfield>
      <subfield code="j">437 T1</subfield>
      <subfield code="U">Available</subfield>
      <subfield code="W">Feb 5, 2020</subfield>
      <subfield code="y">T00145</subfield>
      <subfield code="Z">Împrumut la Sala</subfield>
    </datafield>
  </record>