
  <record>
    <leader>00000nam a2200000 a 4500</leader>
    <controlfield tag="001">BJSB451732</controlfield>
    <controlfield tag="008">200205s1825####|||||||||||||||||#||####u</controlfield>
    <datafield tag="050" ind1=" " ind2=" ">
      <subfield code="a">094.1(498); 069.538</subfield>
    </datafield>
    <datafield tag="245" ind1="0" ind2="0">
      <subfield code="a">Cimeliotheca Musei Nationalis Hungarici sive catalogus historico-criticus antiqvitatum, raritatum et pretiosorum cum bibliotheca antiquaria, et numaria eiusdem instituti</subfield>
      <subfield code="h">[Carte tipărită]</subfield>
    </datafield>
    <datafield tag="260" ind1=" " ind2=" ">
      <subfield code="a">Buda</subfield>
      <subfield code="b">Typis Regiae Literarum Universitatis Hungaricae</subfield>
      <subfield code="c">1825</subfield>
    </datafield>
    <datafield tag="300" ind1=" " ind2=" ">
      <subfield code="a">[1] f.; XVI p.; 255 p. ; il.</subfield>
    </datafield>
    <datafield tag="500" ind1=" " ind2=" ">
      <subfield code="a">Legătura: coperți din carton recent marmorat. Însemnări: fila de titlu: XVI/985 3567; I. VII 18. Observații: coperta 1, ex libris cu textul: Biblioteca Universității Cluj-Sibiu DL 114. (Depozit dela Liceul Gh. Lazăr Sibiu); [1] f, III, V, ștampilă ovală cu textul: Nagyszebeni Kir. ellami fogymnasium; p. I: ștampilă cu textul: Liceul Gh. Lazăr - Sibiu Biblioteca Profesorilor. No. 4371; p. I: ștampilă ilizibilă</subfield>
    </datafield>
    <datafield tag="650" ind1=" " ind2=" ">
      <subfield code="a">Transilvanice</subfield>
    </datafield>
    <datafield tag="650" ind1=" " ind2=" ">
      <subfield code="a">catalog de muzeu</subfield>
    </datafield>
    <datafield tag="650" ind1=" " ind2=" ">
      <subfield code="a">muzee</subfield>
    </datafield>
    <datafield tag="995" ind1=" " ind2=" ">
      <subfield code="a">Colecţii Speciale - Transilvanice</subfield>
      <subfield code="D">0.01</subfield>
      <subfield code="e">T05539</subfield>
      <subfield code="F">Sediul_Central_A</subfield>
      <subfield code="j">T 2 1</subfield>
      <subfield code="U">Available</subfield>
      <subfield code="W">Feb 5, 2020</subfield>
      <subfield code="y">T05539</subfield>
      <subfield code="Z">Împrumut la Sala</subfield>
    </datafield>
  </record>