
  <record>
    <leader>00000nam a2200000 a 4500</leader>
    <controlfield tag="001">BJSB451687</controlfield>
    <controlfield tag="008">200205s1815####|||||||||||||||||#||####u</controlfield>
    <datafield tag="050" ind1=" " ind2=" ">
      <subfield code="a">094.1(498); 340.134(498.4)</subfield>
    </datafield>
    <datafield tag="100" ind1=" " ind2=" ">
      <subfield code="a">Kovachich, Josephus Nicolaus</subfield>
    </datafield>
    <datafield tag="245" ind1="1" ind2="0">
      <subfield code="a">Monumenta veteris legislationis hungaricae, quae nunc primum detecta, ex originalibus authenticis fideliter desumsit, et vulgavit Josephus, Nicolaus Kovachich. Senquiciensis. A.A. L.L. et Philosophiae Doctor</subfield>
      <subfield code="c">Josephus Nicolaus Kovachich</subfield>
      <subfield code="h">[Carte tipărită]</subfield>
    </datafield>
    <datafield tag="260" ind1=" " ind2=" ">
      <subfield code="a">Cluj</subfield>
      <subfield code="b">Typis Colegii Reformatorum</subfield>
      <subfield code="c">1815</subfield>
    </datafield>
    <datafield tag="300" ind1=" " ind2=" ">
      <subfield code="a">76 p.; 21 cm </subfield>
    </datafield>
    <datafield tag="500" ind1=" " ind2=" ">
      <subfield code="a">Legătura: coperți din carton de culoare albastră. Observații: coperta 1, ștampilă cu textul: Liceul Gh. Lazăr - Sibiu. Biblioteca Profesorilor. No. 1945/XIII; coperta 1, p. 76, ștampilă ovală cu textul: Nagyszebeni tanari konyvtara [...] Kir. allami gymnasium; fila de titlu, ștampilă rotundă ilizibilă</subfield>
    </datafield>
    <datafield tag="650" ind1=" " ind2=" ">
      <subfield code="a">Transilvanice</subfield>
    </datafield>
    <datafield tag="650" ind1=" " ind2=" ">
      <subfield code="a">legislaţie</subfield>
    </datafield>
    <datafield tag="650" ind1=" " ind2=" ">
      <subfield code="a">legislatie comentată</subfield>
    </datafield>
    <datafield tag="995" ind1=" " ind2=" ">
      <subfield code="a">Colecţii Speciale - Transilvanice</subfield>
      <subfield code="D">0.01</subfield>
      <subfield code="e">T 2 5580</subfield>
      <subfield code="F">Sediul_Central_A</subfield>
      <subfield code="j">T 2 13</subfield>
      <subfield code="U">Available</subfield>
      <subfield code="W">Feb 5, 2020</subfield>
      <subfield code="y">5580 T 2</subfield>
      <subfield code="Z">Împrumut la Sala</subfield>
    </datafield>
  </record>