
  <record>
    <leader>00000nam a2200000 a 4500</leader>
    <controlfield tag="001">BJSB451677</controlfield>
    <controlfield tag="008">200205s1838####|||||||||||||||||#||####u</controlfield>
    <datafield tag="050" ind1=" " ind2=" ">
      <subfield code="a">094.1(498); 581.52</subfield>
    </datafield>
    <datafield tag="100" ind1=" " ind2=" ">
      <subfield code="a">Rochel, Anton</subfield>
    </datafield>
    <datafield tag="245" ind1="1" ind2="0">
      <subfield code="a">Botanische Reise in das Banat im Jahre 1835, nebst Gelegenheits-Demerkungen und einem Berzeichniss aller bis zur Stunde daselbt vorgefundenen phaneroganen Pflanzen, sammt topographischen Beitragen...</subfield>
      <subfield code="c">Anton Rochel</subfield>
      <subfield code="h">[Carte tipărită]</subfield>
    </datafield>
    <datafield tag="260" ind1=" " ind2=" ">
      <subfield code="a">Pesta</subfield>
      <subfield code="b">Gustav Hekenast; Otto Wigand</subfield>
      <subfield code="c">1838</subfield>
    </datafield>
    <datafield tag="300" ind1=" " ind2=" ">
      <subfield code="a">[5] f.; 90 p. ; il.</subfield>
    </datafield>
    <datafield tag="500" ind1=" " ind2=" ">
      <subfield code="a">Observații: fila de titlu, fila [1], ștampilă cu textul: Liceul Gh. Lazăr - Sibiu. Biblioteca Profesorilor. No. 3463/XXV; fila de titlu, p. 90, ștampilă ovală cu textul: Nagyszebeni [...] konyvtara [...] kir. allami gymnasium; fila de titlu, ștampilă ovală cu textul: [...] tanari konyvtara; fila de titlu, ștampilă ovală cu textul: Lehrer Bibliothek [...] Gymnasium</subfield>
    </datafield>
    <datafield tag="650" ind1=" " ind2=" ">
      <subfield code="a">botanică</subfield>
    </datafield>
    <datafield tag="650" ind1=" " ind2=" ">
      <subfield code="a">botanica geografică</subfield>
    </datafield>
    <datafield tag="650" ind1=" " ind2=" ">
      <subfield code="a">Transilvanice</subfield>
    </datafield>
    <datafield tag="995" ind1=" " ind2=" ">
      <subfield code="a">Colecţii Speciale - Transilvanice</subfield>
      <subfield code="D">0.01</subfield>
      <subfield code="e">T 2 5695</subfield>
      <subfield code="F">Sediul_Central_A</subfield>
      <subfield code="j">T 2 14</subfield>
      <subfield code="U">Available</subfield>
      <subfield code="W">Feb 5, 2020</subfield>
      <subfield code="y">5695 T 2</subfield>
      <subfield code="Z">Împrumut la Sala</subfield>
    </datafield>
  </record>