
  <record>
    <leader>00000nam a2200000 a 4500</leader>
    <controlfield tag="001">BJSB451666</controlfield>
    <controlfield tag="008">200205s1848####|||||||||||||||||#||####u</controlfield>
    <datafield tag="050" ind1=" " ind2=" ">
      <subfield code="a">094.1(498); 264-11</subfield>
    </datafield>
    <datafield tag="245" ind1="0" ind2="0">
      <subfield code="a">Schematismus venerabilis cleri dioecesis Transsilvaniensis ad annum bissextilem a Christo nato MDCCCXLVIII</subfield>
      <subfield code="h">[Carte tipărită]</subfield>
    </datafield>
    <datafield tag="260" ind1=" " ind2=" ">
      <subfield code="a">Cluj</subfield>
      <subfield code="b">Typis Lycei Regii</subfield>
      <subfield code="c">1848</subfield>
    </datafield>
    <datafield tag="300" ind1=" " ind2=" ">
      <subfield code="a">21 cm ; il.</subfield>
    </datafield>
    <datafield tag="500" ind1=" " ind2=" ">
      <subfield code="a">Observații: coperta 1: ștampilă cu textul: Liceul Gh. Lazăr - Sibiu. Biblioteca Profesorilor. No. 1944/XII; fila de gardă, ștampilă ovală cu textul: Nagyszebeni tanari konyvtara [...] kir. allami gymnasium; fila de titlu, ștampilă ilizibilă</subfield>
    </datafield>
    <datafield tag="650" ind1=" " ind2=" ">
      <subfield code="a">Transilvanice</subfield>
    </datafield>
    <datafield tag="650" ind1=" " ind2=" ">
      <subfield code="a">calendare ecleziastice</subfield>
    </datafield>
    <datafield tag="995" ind1=" " ind2=" ">
      <subfield code="a">Colecţii Speciale - Transilvanice</subfield>
      <subfield code="D">0.01</subfield>
      <subfield code="e">T 2 6006</subfield>
      <subfield code="F">Sediul_Central_A</subfield>
      <subfield code="j">T 2 15</subfield>
      <subfield code="U">Available</subfield>
      <subfield code="W">Feb 5, 2020</subfield>
      <subfield code="y">6006 T 2</subfield>
      <subfield code="Z">Împrumut la Sala</subfield>
    </datafield>
  </record>