
  <record>
    <leader>00000nam a2200000 a 4500</leader>
    <controlfield tag="001">BJSB451577</controlfield>
    <controlfield tag="008">200204s1752####|||||||||||||||||#||####u</controlfield>
    <datafield tag="050" ind1=" " ind2=" ">
      <subfield code="a">82-142=124'06; 094.1(498.4)</subfield>
    </datafield>
    <datafield tag="100" ind1=" " ind2=" ">
      <subfield code="a">Ipach Ferenc Xavér</subfield>
    </datafield>
    <datafield tag="245" ind1="1" ind2="0">
      <subfield code="a">Thalia Legitima sive De Tempore, Loco, Et Personis, Religiose Jucundum Convivium Constituentibus. Libri Tres. Honoribus Spectabilium, Reverendorum, ... Neo-Baccalaureorum. Cum In Alma, ac Regio-Principali Academia Claudiopolitana .... Promotore, R. P. Francisco Gôcze è Soc. JESU AA.LL... A Poesii Claudiopolitana Oblati</subfield>
      <subfield code="c">[Ferenc Xavér Ipach]</subfield>
      <subfield code="h">[Carte tipărită]</subfield>
    </datafield>
    <datafield tag="260" ind1=" " ind2=" ">
      <subfield code="a">Claudiopoli [Cluj-Napoca]</subfield>
      <subfield code="b">Typis Academicis Soc. Jesu</subfield>
      <subfield code="c">1752</subfield>
    </datafield>
    <datafield tag="300" ind1=" " ind2=" ">
      <subfield code="a">82 p., [2] p. ; 14 cm</subfield>
    </datafield>
    <datafield tag="500" ind1=" " ind2=" ">
      <subfield code="a">Legătura: coperți de carton Observații: pe foaia de titlu și pe ultima pagină, ștampilă ovală cu textul: „Biblioteca Astra Sibiu”.</subfield>
    </datafield>
    <datafield tag="650" ind1=" " ind2=" ">
      <subfield code="a">versuri</subfield>
    </datafield>
    <datafield tag="650" ind1=" " ind2=" ">
      <subfield code="a">literatură</subfield>
    </datafield>
    <datafield tag="650" ind1=" " ind2=" ">
      <subfield code="a">elegii</subfield>
    </datafield>
    <datafield tag="650" ind1=" " ind2=" ">
      <subfield code="a">poezii</subfield>
    </datafield>
    <datafield tag="650" ind1=" " ind2=" ">
      <subfield code="a">Transilvanice</subfield>
    </datafield>
    <datafield tag="856" ind1=" " ind2=" ">
      <subfield code="u">http://www.dspace.bjastrasibiu.ro/bitstream/123456789/10407/1/BJA_CS_000036_T_0001-0092.pdf</subfield>
    </datafield>
    <datafield tag="995" ind1=" " ind2=" ">
      <subfield code="a">Colecţii Speciale - Transilvanice</subfield>
      <subfield code="D">0.01</subfield>
      <subfield code="e">T00036</subfield>
      <subfield code="F">Sediul_Central_A</subfield>
      <subfield code="j">230 T1</subfield>
      <subfield code="U">Available</subfield>
      <subfield code="W">Feb 4, 2020</subfield>
      <subfield code="y">T00036</subfield>
      <subfield code="Z">Împrumut la Sala</subfield>
    </datafield>
  </record>