
  <record>
    <leader>00000nam a2200000 a 4500</leader>
    <controlfield tag="001">BJSB451568</controlfield>
    <controlfield tag="008">200204s1751####|||||||||||||||||#||####u</controlfield>
    <datafield tag="050" ind1=" " ind2=" ">
      <subfield code="a">238:282; 094.1(498.4)</subfield>
    </datafield>
    <datafield tag="100" ind1=" " ind2=" ">
      <subfield code="a">Bossányi Wolfgangus</subfield>
    </datafield>
    <datafield tag="245" ind1="1" ind2="0">
      <subfield code="a">Theologia Polemica Distributa ab R. D. Petro Vizi Nobili Siculo Transil. è Sem. Cler. Alum. Aporiano, Philos.... Praeside R. P. Stephano Kaprinai è Soc. JESU, Philos. Doctore, &amp; in Universit. Claudiopolitana Professore Seniore</subfield>
      <subfield code="c">[Wolfgangus Bossani]</subfield>
      <subfield code="h">[Carte tipărită]</subfield>
    </datafield>
    <datafield tag="260" ind1=" " ind2=" ">
      <subfield code="a">Claudiopoli [Cluj-Napoca]</subfield>
      <subfield code="c">1751</subfield>
    </datafield>
    <datafield tag="300" ind1=" " ind2=" ">
      <subfield code="a">[4] p., 113 p., [17] p. ; 14 cm</subfield>
    </datafield>
    <datafield tag="500" ind1=" " ind2=" ">
      <subfield code="a">Legătura:  coperți de carton, roase la colțuri Însemnări: Pe foaia de gardă este însemnată cu cerneală neagră tabla de materii; pe pagina de titlu textul: „Convent Cibin”; pe cop. 3 apare textul: Ad Simplicem usum Mauritys Zoros (?) Observații: pe recto-ul paginii de titlu și pe ultima pagină, ștampilă ovală cu textul: „Biblioteca Astra Sibiu”</subfield>
    </datafield>
    <datafield tag="650" ind1=" " ind2=" ">
      <subfield code="a">Transilvanice</subfield>
    </datafield>
    <datafield tag="650" ind1=" " ind2=" ">
      <subfield code="a">teologie</subfield>
    </datafield>
    <datafield tag="650" ind1=" " ind2=" ">
      <subfield code="a">apologetică creştină</subfield>
    </datafield>
    <datafield tag="650" ind1=" " ind2=" ">
      <subfield code="a">teologie dogmatică</subfield>
    </datafield>
    <datafield tag="650" ind1=" " ind2=" ">
      <subfield code="a">catehism</subfield>
    </datafield>
    <datafield tag="650" ind1=" " ind2=" ">
      <subfield code="a">biserica catolica</subfield>
    </datafield>
    <datafield tag="856" ind1=" " ind2=" ">
      <subfield code="u">http://www.dspace.bjastrasibiu.ro/bitstream/123456789/10284/1/BJA_CS_000037_T_0001-0142.pdf</subfield>
    </datafield>
    <datafield tag="995" ind1=" " ind2=" ">
      <subfield code="a">Colecţii Speciale - Transilvanice</subfield>
      <subfield code="D">0.01</subfield>
      <subfield code="e">T00037</subfield>
      <subfield code="F">Sediul_Central_A</subfield>
      <subfield code="j">226 T1</subfield>
      <subfield code="U">Available</subfield>
      <subfield code="W">Feb 4, 2020</subfield>
      <subfield code="y">T00037</subfield>
      <subfield code="Z">Împrumut la Sala</subfield>
    </datafield>
  </record>