
  <record>
    <leader>00000nam a2200000 a 4500</leader>
    <controlfield tag="001">BJSB451535</controlfield>
    <controlfield tag="008">200203s1733####|||||||||||||||||#||####u</controlfield>
    <datafield tag="050" ind1=" " ind2=" ">
      <subfield code="a">264-63; 242; 094.1(498.4)</subfield>
    </datafield>
    <datafield tag="245" ind1="0" ind2="0">
      <subfield code="a">Circulus Menstruus. Christiarum Cogitationum Sanctissimis Honoribus Divi Josephi Dei In Terris Nutritii et Verginei Mariae Sponsi Dicatus. Dum in Alma ac Regio-Principali S. J. Acad. Claudiopolitana... ; Nob. ac Erud. D. Adalbertus Tanczos... publicè defenderet.... Presidae R. P. Josepho Boross è S.J....</subfield>
      <subfield code="h">[Carte tipărită]</subfield>
    </datafield>
    <datafield tag="260" ind1=" " ind2=" ">
      <subfield code="a">Claudiopoli [Cluj-Napoca]</subfield>
      <subfield code="b">Typis Academ. S.J.</subfield>
      <subfield code="c">1733</subfield>
    </datafield>
    <datafield tag="300" ind1=" " ind2=" ">
      <subfield code="a">[7] p., 67 p., 56 p. ; 13 cm</subfield>
    </datafield>
    <datafield tag="500" ind1=" " ind2=" ">
      <subfield code="a">Legătura: coperți de carton, stare de conservare bună. Observații: Pe recto-ul paginii de titlu și pe ultima pagină, ștampilă rotundă cu textul: „Biblioteca Astra Sibiu”</subfield>
    </datafield>
    <datafield tag="650" ind1=" " ind2=" ">
      <subfield code="a">rugaciuni</subfield>
    </datafield>
    <datafield tag="650" ind1=" " ind2=" ">
      <subfield code="a">cărţi de meditaţie</subfield>
    </datafield>
    <datafield tag="650" ind1=" " ind2=" ">
      <subfield code="a">teologie creştină</subfield>
    </datafield>
    <datafield tag="650" ind1=" " ind2=" ">
      <subfield code="a">biserica catolica</subfield>
    </datafield>
    <datafield tag="650" ind1=" " ind2=" ">
      <subfield code="a">teologie</subfield>
    </datafield>
    <datafield tag="650" ind1=" " ind2=" ">
      <subfield code="a">Transilvanice</subfield>
    </datafield>
    <datafield tag="856" ind1=" " ind2=" ">
      <subfield code="u">http://www.dspace.bjastrasibiu.ro/bitstream/123456789/10694/1/BJA_CS_000038_T_0001-0138.pdf</subfield>
    </datafield>
    <datafield tag="995" ind1=" " ind2=" ">
      <subfield code="a">Colecţii Speciale - Transilvanice</subfield>
      <subfield code="D">0.01</subfield>
      <subfield code="e">T00038</subfield>
      <subfield code="F">Sediul_Central_A</subfield>
      <subfield code="j">227 T1</subfield>
      <subfield code="U">Available</subfield>
      <subfield code="W">Feb 3, 2020</subfield>
      <subfield code="y">T00038</subfield>
      <subfield code="Z">Împrumut la Sala</subfield>
    </datafield>
  </record>