
  <record>
    <leader>00000nam a2200000 a 4500</leader>
    <controlfield tag="001">BJSB451501</controlfield>
    <controlfield tag="008">200203s1735####|||||||||||||||||#||####u</controlfield>
    <datafield tag="050" ind1=" " ind2=" ">
      <subfield code="a">252.8; 232.33:282; 094.1(498.4)</subfield>
    </datafield>
    <datafield tag="100" ind1=" " ind2=" ">
      <subfield code="a">Balde, Henri, R. P.</subfield>
    </datafield>
    <datafield tag="245" ind1="1" ind2="0">
      <subfield code="a">Philosophia Christiana de Recta Vivendi Ratione. Auctore R. P. Henrico Balde Societatis Jesu. Dum in Alma, ac Regio-Principali Soc. JESU Acad. Claud. ... publicè propugnaret R. N. ac Eruditus D. Joannes Gall... ; Praeside R. P. Georgio Daroczi...</subfield>
      <subfield code="c">R. P. Henrico Balde</subfield>
      <subfield code="h">[Carte tipărită]</subfield>
    </datafield>
    <datafield tag="260" ind1=" " ind2=" ">
      <subfield code="a">Claudiopoli [Cluj-Napoca]</subfield>
      <subfield code="b">Typis. Acad. Soc. JESU per Simonem Thad. Weichenberg</subfield>
      <subfield code="c">1735</subfield>
    </datafield>
    <datafield tag="300" ind1=" " ind2=" ">
      <subfield code="a">[10] p., 360 p. ; 84 p. ; 13 cm</subfield>
    </datafield>
    <datafield tag="500" ind1=" " ind2=" ">
      <subfield code="a">Greșeli de paginație: p. 8 e numerotată 18, pagina 9 e numerotată 19. ; la numerotarea a 2-a, p. 79 e numerotată 97. Legătura: ultima pagină și p. coperți de carton; cop. 4 cu colțurile tocite; ultimele două pagini, parțial arse. Observații: pe recto-ul paginii de titlu și pe ultima pagină, ștampilă rotundă cu textul: „Biblioteca Astra Sibiu”</subfield>
    </datafield>
    <datafield tag="650" ind1=" " ind2=" ">
      <subfield code="a">teologie dogmatică</subfield>
    </datafield>
    <datafield tag="650" ind1=" " ind2=" ">
      <subfield code="a">predici</subfield>
    </datafield>
    <datafield tag="650" ind1=" " ind2=" ">
      <subfield code="a">Transilvanice</subfield>
    </datafield>
    <datafield tag="650" ind1=" " ind2=" ">
      <subfield code="a">teologie</subfield>
    </datafield>
    <datafield tag="650" ind1=" " ind2=" ">
      <subfield code="a">teologie creştină</subfield>
    </datafield>
    <datafield tag="856" ind1=" " ind2=" ">
      <subfield code="u">http://www.dspace.bjastrasibiu.ro/bitstream/123456789/10693/1/BJA_CS_000039_T_0001-0460.pdf</subfield>
    </datafield>
    <datafield tag="995" ind1=" " ind2=" ">
      <subfield code="a">Colecţii Speciale - Transilvanice</subfield>
      <subfield code="D">0.01</subfield>
      <subfield code="e">T00039</subfield>
      <subfield code="F">Sediul_Central_A</subfield>
      <subfield code="j">228 T1</subfield>
      <subfield code="U">Available</subfield>
      <subfield code="W">Feb 3, 2020</subfield>
      <subfield code="y">T00039</subfield>
      <subfield code="Z">Împrumut la Sala</subfield>
    </datafield>
  </record>