
  <record>
    <leader>00000nam a2200000 a 4500</leader>
    <controlfield tag="001">BJSB451142</controlfield>
    <controlfield tag="008">200129s1789####|||||||||||||||||#||####u</controlfield>
    <datafield tag="100" ind1=" " ind2=" ">
      <subfield code="a">Lebrecht, M.</subfield>
    </datafield>
    <datafield tag="245" ind1="1" ind2="0">
      <subfield code="a">Anleitung zu allerlen Aufsaezen. Als : Briefe, Obligationen, Quittungen, Zessionen, Assignationen, Attestate und dergleichen</subfield>
      <subfield code="c">M. Lebrecht</subfield>
      <subfield code="h">[Carte tipărită]</subfield>
    </datafield>
    <datafield tag="260" ind1=" " ind2=" ">
      <subfield code="a">Hermannstadt</subfield>
      <subfield code="b">Johann Gottlieb Mühlsteffen</subfield>
      <subfield code="c">1789</subfield>
    </datafield>
    <datafield tag="300" ind1=" " ind2=" ">
      <subfield code="a">72 p. ; 17 cm</subfield>
    </datafield>
    <datafield tag="500" ind1=" " ind2=" ">
      <subfield code="a">Legătura: lipsă coperți și cotor Însemnări: pe coperta 2 însemnări ilizibile Observații: pe recto-ul paginii de titlu și pe ultima pagină - ștampilă dreptunghiulară cu textul: „Biblioteca Astra Sibiu”; pe ultima pagină ștampilă ovală cu textul „Anticariat Sibiu lei 150” </subfield>
    </datafield>
    <datafield tag="856" ind1=" " ind2=" ">
      <subfield code="u">http://www.dspace.bjastrasibiu.ro/bitstream/123456789/10647/1/BJA_CS_000244_T_0001-0076.pdf</subfield>
    </datafield>
    <datafield tag="995" ind1=" " ind2=" ">
      <subfield code="a">Colecţii Speciale - Transilvanice</subfield>
      <subfield code="D">0.01</subfield>
      <subfield code="e">T00244</subfield>
      <subfield code="F">Sediul_Central_A</subfield>
      <subfield code="j">530 T1</subfield>
      <subfield code="U">Available</subfield>
      <subfield code="W">Jan 30, 2020</subfield>
      <subfield code="y">T00244</subfield>
      <subfield code="Z">Împrumut la Sala</subfield>
    </datafield>
  </record>