
  <record>
    <leader>00000nam a2200000 a 4500</leader>
    <controlfield tag="001">BJSB451086</controlfield>
    <controlfield tag="008">200128s1749####|||||||||||||||||#||####u</controlfield>
    <datafield tag="050" ind1=" " ind2=" ">
      <subfield code="a">264-66; 094.1(498.4)</subfield>
    </datafield>
    <datafield tag="245" ind1="0" ind2="0">
      <subfield code="a">Fasciculus Benedictionum, Exorcismorum, &amp; validissimarum Conjurationum ad effugandas aëreas tempestates. Ex approbatis Libris à S. R. E. Collectus. Litaniae quoque, &amp; duodecim Evangelia cum suis orationibus pro benedicendis agris, &amp; fructibus terrae. Praetereà Benedictiones super Cruces, que in triviu collocantur, ac contra vermes, locustas, &amp; alia animalia fruges vastantia etc</subfield>
      <subfield code="h">[Carte tipărită]</subfield>
    </datafield>
    <datafield tag="250" ind1=" " ind2=" ">
      <subfield code="a">Retipărire</subfield>
    </datafield>
    <datafield tag="260" ind1=" " ind2=" ">
      <subfield code="a">[Csiksomlyó]</subfield>
      <subfield code="b">Typographia Csik Somlyoviensi</subfield>
      <subfield code="c">1749</subfield>
    </datafield>
    <datafield tag="300" ind1=" " ind2=" ">
      <subfield code="a">72 p. ; 14 cm</subfield>
    </datafield>
    <datafield tag="500" ind1=" " ind2=" ">
      <subfield code="a">Legătura: coperți de carton parțial deteriorate Însemnări: pe foaia de gardă textul: Ad simplici usum fratri Romanii; Ad simplicem usum fratris Lini (?) Kierschike; pe recto-ul paginii de titlu: [...] frati Romanii Observații: pe recto-ul paginii de titlu ștampilă rotundă cu textul „Biblioteca Astra Sibiu”, iar pe verso-ul acesteia, ștampilă dreptunghiulară cu textul „Biblioteca Astra Sibiu”; ambele ștampile se regăsesc și pe ultima pagină</subfield>
    </datafield>
    <datafield tag="650" ind1=" " ind2=" ">
      <subfield code="a">rugaciuni</subfield>
    </datafield>
    <datafield tag="650" ind1=" " ind2=" ">
      <subfield code="a">teologie practică</subfield>
    </datafield>
    <datafield tag="650" ind1=" " ind2=" ">
      <subfield code="a">Transilvanice</subfield>
    </datafield>
    <datafield tag="650" ind1=" " ind2=" ">
      <subfield code="a">litanii</subfield>
    </datafield>
    <datafield tag="650" ind1=" " ind2=" ">
      <subfield code="a">teologie</subfield>
    </datafield>
    <datafield tag="856" ind1=" " ind2=" ">
      <subfield code="u">http://www.dspace.bjastrasibiu.ro/bitstream/123456789/10646/1/BJA_CS_000243_T_0001-0078.pdf</subfield>
    </datafield>
    <datafield tag="995" ind1=" " ind2=" ">
      <subfield code="a">Colecţii Speciale - Transilvanice</subfield>
      <subfield code="D">0.01</subfield>
      <subfield code="e">T00243</subfield>
      <subfield code="F">Sediul_Central_A</subfield>
      <subfield code="j">529 T1</subfield>
      <subfield code="U">Available</subfield>
      <subfield code="W">Jan 28, 2020</subfield>
      <subfield code="y">T00243</subfield>
      <subfield code="Z">Împrumut la Sala</subfield>
    </datafield>
  </record>