
  <record>
    <leader>00000nam a2200000 a 4500</leader>
    <controlfield tag="001">BJSB451019</controlfield>
    <controlfield tag="008">200127s1745####|||||||||||||||||#||####u</controlfield>
    <datafield tag="050" ind1=" " ind2=" ">
      <subfield code="a">231.2; 232.22; 094.1(498.4)</subfield>
    </datafield>
    <datafield tag="100" ind1=" " ind2=" ">
      <subfield code="a">Sükösd Máté</subfield>
    </datafield>
    <datafield tag="245" ind1="1" ind2="0">
      <subfield code="a">Pacificus, et Salutaris Discursus de Vera, ac Aeterna in Natura Divinitate Christi in quo Pacificus Catholicus familiari simul, ac salutari colloquio ostendit Unitariae. Professionis Eunomio Verram, Aeternam, ac in Natura Consubstantialem Divinitatem Christi cum Patre. Cum annexis Thesibus Theologicis De Deo Uno, &amp; Trino Juxta Principia... Joannis Duns-Scoti. A PP. FF. Ignatio Andaházi, &amp; Cornelio Peterffi Provinc... Praeside. P. F. Matthaeo Sükösd... propugnandis. Vetero-Claudiopoli ad Nives Marianas...</subfield>
      <subfield code="c">Matthaeo Sükösd</subfield>
      <subfield code="h">[Carte tipărită]</subfield>
    </datafield>
    <datafield tag="260" ind1=" " ind2=" ">
      <subfield code="a">Claudiopoli [Cluj-Napoca]</subfield>
      <subfield code="b">Typis Academicis Societatis Jesu</subfield>
      <subfield code="c">1745</subfield>
    </datafield>
    <datafield tag="300" ind1=" " ind2=" ">
      <subfield code="a">[10] p., 125 p. ; 15 cm</subfield>
    </datafield>
    <datafield tag="500" ind1=" " ind2=" ">
      <subfield code="a">Greșeli de paginație: p. 49 numerotată 85. Legătura: coperți de carton învelite în piele ; stare de conservare bună Observații: Pe recto-ul paginii de titlu și pe ultima pagină, ștampilă rotundă cu textul: „Biblioteca Astra Sibiu”</subfield>
    </datafield>
    <datafield tag="650" ind1=" " ind2=" ">
      <subfield code="a">Transilvanice</subfield>
    </datafield>
    <datafield tag="650" ind1=" " ind2=" ">
      <subfield code="a">teologie</subfield>
    </datafield>
    <datafield tag="650" ind1=" " ind2=" ">
      <subfield code="a">biserica catolica</subfield>
    </datafield>
    <datafield tag="650" ind1=" " ind2=" ">
      <subfield code="a">teologie dogmatică</subfield>
    </datafield>
    <datafield tag="650" ind1=" " ind2=" ">
      <subfield code="a">divinitate</subfield>
    </datafield>
    <datafield tag="650" ind1=" " ind2=" ">
      <subfield code="a">Dumnezeu Fiul</subfield>
    </datafield>
    <datafield tag="856" ind1=" " ind2=" ">
      <subfield code="u">http://www.dspace.bjastrasibiu.ro/bitstream/123456789/10308/1/BJA_CS_000046_T_0001-0138.pdf</subfield>
    </datafield>
    <datafield tag="995" ind1=" " ind2=" ">
      <subfield code="a">Colecţii Speciale - Transilvanice</subfield>
      <subfield code="D">0.01</subfield>
      <subfield code="e">T00046</subfield>
      <subfield code="F">Sediul_Central_A</subfield>
      <subfield code="j">234 T1</subfield>
      <subfield code="U">Available</subfield>
      <subfield code="W">Jan 27, 2020</subfield>
      <subfield code="y">T00046</subfield>
      <subfield code="Z">Împrumut la Sala</subfield>
    </datafield>
  </record>