
  <record>
    <leader>00000nam a2200000 a 4500</leader>
    <controlfield tag="001">BJSB450926</controlfield>
    <controlfield tag="008">200123s1737####|||||||||||||||||#||####u</controlfield>
    <datafield tag="050" ind1=" " ind2=" ">
      <subfield code="a">231.74:271.5; 094.1(498.4)</subfield>
    </datafield>
    <datafield tag="245" ind1="0" ind2="0">
      <subfield code="a">Illustria Miracula Divi Francisci Xaverii Oberburgi in Styria Inferiore Thaumaturgi, Literis primum Germanicus vulgate, nunc àquodam Societatis Jesu Sacerdote in Latinum translata. Laureatis Honoribus Perillustrium … Dum in Alma, ac Regio-Principali Soc. Jesu Academia Claudiopolitana suprema... Promotore R.P. Antonio Grueber è S. Jesu...</subfield>
      <subfield code="h">[Carte tipărită]</subfield>
    </datafield>
    <datafield tag="260" ind1=" " ind2=" ">
      <subfield code="a">Claudiopoli [Cluj-Napoca]</subfield>
      <subfield code="b">Typis Academicis Soc. Jesu</subfield>
      <subfield code="c">1737</subfield>
    </datafield>
    <datafield tag="300" ind1=" " ind2=" ">
      <subfield code="a">[4] p., 163 p. ; 16 cm</subfield>
    </datafield>
    <datafield tag="500" ind1=" " ind2=" ">
      <subfield code="a">Legătura: coperți de carton învelite în piele ; stare de conservare bună Însemnări: Pe recto-ul paginii de titlu textul: „Conv. Cibiniensis” Observații: Pe recto-ul paginii de titlu și pe ultima pagină, ștampilă rotundă cu textul: „Biblioteca Astra Sibiu”</subfield>
    </datafield>
    <datafield tag="650" ind1=" " ind2=" ">
      <subfield code="a">Dumnezeu</subfield>
    </datafield>
    <datafield tag="650" ind1=" " ind2=" ">
      <subfield code="a">revelaţie</subfield>
    </datafield>
    <datafield tag="650" ind1=" " ind2=" ">
      <subfield code="a">iezuiţi</subfield>
    </datafield>
    <datafield tag="650" ind1=" " ind2=" ">
      <subfield code="a">ordine religioase</subfield>
    </datafield>
    <datafield tag="650" ind1=" " ind2=" ">
      <subfield code="a">ordine călugăreşti</subfield>
    </datafield>
    <datafield tag="650" ind1=" " ind2=" ">
      <subfield code="a">Transilvanice</subfield>
    </datafield>
    <datafield tag="650" ind1=" " ind2=" ">
      <subfield code="a">biserica catolica</subfield>
    </datafield>
    <datafield tag="650" ind1=" " ind2=" ">
      <subfield code="a">teologie dogmatică</subfield>
    </datafield>
    <datafield tag="650" ind1=" " ind2=" ">
      <subfield code="a">teologie</subfield>
    </datafield>
    <datafield tag="856" ind1=" " ind2=" ">
      <subfield code="u">http://www.dspace.bjastrasibiu.ro/bitstream/123456789/10285/3/BJA_CS_000044_T_0001-0174.pdf</subfield>
    </datafield>
    <datafield tag="995" ind1=" " ind2=" ">
      <subfield code="a">Colecţii Speciale - Transilvanice</subfield>
      <subfield code="D">0.01</subfield>
      <subfield code="e">T00044</subfield>
      <subfield code="F">Sediul_Central_A</subfield>
      <subfield code="j">232 T1</subfield>
      <subfield code="U">Available</subfield>
      <subfield code="W">Jan 27, 2020</subfield>
      <subfield code="y">T00044</subfield>
      <subfield code="Z">Împrumut la Sala</subfield>
    </datafield>
  </record>