
  <record>
    <leader>00000nam a2200000 a 4500</leader>
    <controlfield tag="001">BJSB450783</controlfield>
    <controlfield tag="008">200121s1753####|||||||||||||||||#||####u</controlfield>
    <datafield tag="050" ind1=" " ind2=" ">
      <subfield code="a">271.3; 282; 094.1(498.4)</subfield>
    </datafield>
    <datafield tag="100" ind1=" " ind2=" ">
      <subfield code="a">Franchini, Giovanni</subfield>
    </datafield>
    <datafield tag="245" ind1="1" ind2="0">
      <subfield code="a">Reverendi Patris Joan Franchini de Mutina, Ordinis Minorum Seraphici Patris S. Francisci Conventualium olim Procuratoris Generalis, de Antiquioritate Franciscana Conventualibus adjudicata Apologema Denuò recusum. Et in V. Conventu Claudiopolitano ad SS. Petrum, &amp; Paulum Apostolos, Munificentia Cujusdam Domini Patroni, &amp; Mecaenatis Gratiosissimi, Seraphico Ordini singulariter addicti. Auditoribus oblatum</subfield>
      <subfield code="c">Joan Franchini de Mutina</subfield>
      <subfield code="h">[Carte tipărită]</subfield>
    </datafield>
    <datafield tag="260" ind1=" " ind2=" ">
      <subfield code="a">Claudiopoli [Cluj-Napoca]</subfield>
      <subfield code="b">Typis Academ. S.J.</subfield>
      <subfield code="c">1753</subfield>
    </datafield>
    <datafield tag="300" ind1=" " ind2=" ">
      <subfield code="a">6 p. nenumerotate + 129 p. ; 14 cm</subfield>
    </datafield>
    <datafield tag="500" ind1=" " ind2=" ">
      <subfield code="a">Legătura: coperți de carton învelite în piele, stare de conservare bună. Însemnări: pe coperta 2 : Petri Vintze Regestratoris; pe verso-ul foii de gardă [...] Antal [...]; pe pagina de titlu: V. Conv. Cibin (?) Observații: pe rectoul și verso-ul paginii de titlu și pe ultima pagină, ștampilă rotundă cu textul „Biblioteca Astra Sibiu”</subfield>
    </datafield>
    <datafield tag="650" ind1=" " ind2=" ">
      <subfield code="a">Biserica</subfield>
    </datafield>
    <datafield tag="650" ind1=" " ind2=" ">
      <subfield code="a">biserica catolica</subfield>
    </datafield>
    <datafield tag="650" ind1=" " ind2=" ">
      <subfield code="a">franciscani</subfield>
    </datafield>
    <datafield tag="650" ind1=" " ind2=" ">
      <subfield code="a">Transilvanice</subfield>
    </datafield>
    <datafield tag="856" ind1=" " ind2=" ">
      <subfield code="u">http://www.dspace.bjastrasibiu.ro/bitstream/123456789/10309/1/BJA_CS_000041_T_0001-0142.pdf</subfield>
    </datafield>
    <datafield tag="995" ind1=" " ind2=" ">
      <subfield code="a">Colecţii Speciale - Transilvanice</subfield>
      <subfield code="D">0.01</subfield>
      <subfield code="e">T00041</subfield>
      <subfield code="F">Sediul_Central_A</subfield>
      <subfield code="j">230 T1</subfield>
      <subfield code="U">Available</subfield>
      <subfield code="W">Jan 23, 2020</subfield>
      <subfield code="y">T00041</subfield>
      <subfield code="Z">Împrumut la Sala</subfield>
    </datafield>
  </record>