
  <record>
    <leader>00000nam a2200000 a 4500</leader>
    <controlfield tag="001">BJSB449812</controlfield>
    <controlfield tag="008">200108s1737####|||||||||||||||||#||####u</controlfield>
    <datafield tag="050" ind1=" " ind2=" ">
      <subfield code="a">232.931; 094.1(498.4)</subfield>
    </datafield>
    <datafield tag="100" ind1=" " ind2=" ">
      <subfield code="a">Thomas Aquinas, Sanctus</subfield>
    </datafield>
    <datafield tag="245" ind1="1" ind2="0">
      <subfield code="a">Theses ex Universa Philosophia Sub Sacratissimis Auspiciis Mariae. Augustissimae, Coeli, Terraeque Reginae, Patris Suppremi Filiae, Filii Matris Ter Admirabilis, Spiritus Sancti Sponsae, ex Millibus Electae, Virginis Intemeratae, Singulari Praerogativa à Labe Originali Exemptae. Ad Aras Conventûs Csikiensis Fratrum Min. Strict. Obser. adumbratae, Auxiliatricis Clementissimae, .... Publica Disputationi exposita à Defendentibus RR. FF. Antonio Tinka, Nicolao Szöcs, ... Presidae P. F. Gerardo Buzas ...</subfield>
      <subfield code="c">S. Thomas ; coord.: Gerardo Buzas</subfield>
      <subfield code="h">[Carte tipărită]</subfield>
    </datafield>
    <datafield tag="260" ind1=" " ind2=" ">
      <subfield code="a">[Estelnic]</subfield>
      <subfield code="b">In Conventu nostro Esztelnekiensi</subfield>
      <subfield code="c">1737</subfield>
    </datafield>
    <datafield tag="300" ind1=" " ind2=" ">
      <subfield code="a">[5 f.], 103 p. ; 21 cm</subfield>
    </datafield>
    <datafield tag="500" ind1=" " ind2=" ">
      <subfield code="a">Legătura: lipsesc coperțile; stare de conservare bună. Observații: pe recto-ul primei pagini de gardă, pe pagina de gardă (verso și recto) și pe ultima pagină, ștampilă rotundă cu textul: „Biblioteca Astra Sibiu”.</subfield>
    </datafield>
    <datafield tag="650" ind1=" " ind2=" ">
      <subfield code="a">religie catolică</subfield>
    </datafield>
    <datafield tag="650" ind1=" " ind2=" ">
      <subfield code="a">religie</subfield>
    </datafield>
    <datafield tag="650" ind1=" " ind2=" ">
      <subfield code="a">teologie creştină</subfield>
    </datafield>
    <datafield tag="650" ind1=" " ind2=" ">
      <subfield code="a">Transilvanice</subfield>
    </datafield>
    <datafield tag="650" ind1=" " ind2=" ">
      <subfield code="a">teologie</subfield>
    </datafield>
    <datafield tag="650" ind1=" " ind2=" ">
      <subfield code="a">Maica Domnului</subfield>
    </datafield>
    <datafield tag="650" ind1=" " ind2=" ">
      <subfield code="a">biserica catolica</subfield>
    </datafield>
    <datafield tag="856" ind1=" " ind2=" ">
      <subfield code="u">http://www.dspace.bjastrasibiu.ro/bitstream/123456789/10603/1/BJA_CS_000178_T_0001-0116.pdf</subfield>
    </datafield>
    <datafield tag="995" ind1=" " ind2=" ">
      <subfield code="a">Colecţii Speciale - Transilvanice</subfield>
      <subfield code="D">0.01</subfield>
      <subfield code="e">T00178</subfield>
      <subfield code="F">Sediul_Central_A</subfield>
      <subfield code="j">600 T1</subfield>
      <subfield code="U">Available</subfield>
      <subfield code="W">Jan 9, 2020</subfield>
      <subfield code="y">T00178</subfield>
      <subfield code="Z">Împrumut la Sala</subfield>
    </datafield>
  </record>