
  <record>
    <leader>00000nam a2200000 a 4500</leader>
    <controlfield tag="001">BJSB449564</controlfield>
    <controlfield tag="008">200107s1723####|||||||||||||||||#||####u</controlfield>
    <datafield tag="050" ind1=" " ind2=" ">
      <subfield code="a">238.1:282; 239; 094.1(498.4)</subfield>
    </datafield>
    <datafield tag="100" ind1=" " ind2=" ">
      <subfield code="a">Rajcsányi János</subfield>
    </datafield>
    <datafield tag="245" ind1="1" ind2="0">
      <subfield code="a">Opusculum de Vera, Falsa Fidei Regula, in quo ostenditur, nihil posse Fide Divina credi, nihil in rebus Fidei Controversis decidi, nisi ad Ecclesiae sensum, &amp; traditionem recurratur ; A R. P. Joanne Rajcsani, è Societate JESU, SS. Theologiae Doctore, &amp; in Alma Regia Claudiopolitana in Transylvania, Inclytae Facultatis Philosophicae Decano concinnatum </subfield>
      <subfield code="c">R. P. Joanne Rajcsani</subfield>
      <subfield code="h">[Carte tipărită]</subfield>
    </datafield>
    <datafield tag="260" ind1=" " ind2=" ">
      <subfield code="a">Cassoviae</subfield>
      <subfield code="b">Typis Academicis per Joan Henricum Frauenheim</subfield>
      <subfield code="c">1723</subfield>
    </datafield>
    <datafield tag="300" ind1=" " ind2=" ">
      <subfield code="a">142 p. ; 17 cm</subfield>
    </datafield>
    <datafield tag="500" ind1=" " ind2=" ">
      <subfield code="a">Legătura: coperți de carton marmorat; stare de conservare bună. Însemnări: pe pagina de titlu textul: „pro Conventu Cibiniensi”.</subfield>
    </datafield>
    <datafield tag="650" ind1=" " ind2=" ">
      <subfield code="a">teologie polemică</subfield>
    </datafield>
    <datafield tag="650" ind1=" " ind2=" ">
      <subfield code="a">teologie</subfield>
    </datafield>
    <datafield tag="650" ind1=" " ind2=" ">
      <subfield code="a">teologie dogmatică</subfield>
    </datafield>
    <datafield tag="650" ind1=" " ind2=" ">
      <subfield code="a">Transilvanice</subfield>
    </datafield>
    <datafield tag="650" ind1=" " ind2=" ">
      <subfield code="a">Biserica Romano-Catolică</subfield>
    </datafield>
    <datafield tag="650" ind1=" " ind2=" ">
      <subfield code="a">catehism</subfield>
    </datafield>
    <datafield tag="650" ind1=" " ind2=" ">
      <subfield code="a">biserica catolica</subfield>
    </datafield>
    <datafield tag="856" ind1=" " ind2=" ">
      <subfield code="u">http://www.dspace.bjastrasibiu.ro/bitstream/123456789/10283/1/BJA_CS_000202_T_0001-0148.pdf</subfield>
    </datafield>
    <datafield tag="995" ind1=" " ind2=" ">
      <subfield code="a">Colecţii Speciale - Transilvanice</subfield>
      <subfield code="D">0.01</subfield>
      <subfield code="e">T00202</subfield>
      <subfield code="F">Sediul_Central_A</subfield>
      <subfield code="j">905 T1</subfield>
      <subfield code="U">Available</subfield>
      <subfield code="W">Jan 7, 2020</subfield>
      <subfield code="y">T00202</subfield>
      <subfield code="Z">Împrumut la Sala</subfield>
    </datafield>
  </record>