
  <record>
    <leader>00000nam a2200000 a 4500</leader>
    <controlfield tag="001">BJSB449175</controlfield>
    <controlfield tag="008">191221s1766####|||||||||||||||||#||####u</controlfield>
    <datafield tag="050" ind1=" " ind2=" ">
      <subfield code="a">094.1(498); 355.291.5</subfield>
    </datafield>
    <datafield tag="100" ind1=" " ind2=" ">
      <subfield code="a">Tereza, Maria</subfield>
    </datafield>
    <datafield tag="245" ind1="1" ind2="0">
      <subfield code="a">Noi Maria Teresia din mila lui Dumnezeu Înpărăteasa Râmlenilor, rămasă văduvă, Crăiasa Țărilor Nemţeşti, Ungureşti Bohemii, Dalmaţii, Croaţii, Șlavonii, Galiţii, şi a Ludomerii. Arhipovăţuitoarea Austrii, Povăţuitoarea Burgundii, Știrii, Carintii, şi a Carniolii, Mare Prinţipul Ardealului, Marhio Moravii, Povăţuitoarea Brabanţii, Limburgii, Luxemburgii, şi a Ghelarii, Vurtembergii, a Slezii de Sus, şi de Jos, Mediolanului, Mantui, Parmii, Plaţenţii, şi a Cvaştelii, şi Povăţuirilor Auşviţii</subfield>
      <subfield code="c">Maria Tereza</subfield>
      <subfield code="h">[Carte tipărită]</subfield>
    </datafield>
    <datafield tag="260" ind1=" " ind2=" ">
      <subfield code="a">Viena</subfield>
      <subfield code="b">[S.n.]</subfield>
      <subfield code="c">1766</subfield>
    </datafield>
    <datafield tag="300" ind1=" " ind2=" ">
      <subfield code="a">[3] f. ; 32 cm</subfield>
    </datafield>
    <datafield tag="500" ind1=" " ind2=" ">
      <subfield code="a">Legătura: folie de protecţie. Însemnări: fila 1 nenumerotată: 1766. Observaţii: decretul Mariei Terezia în 10 puncte prin care se reglementează procedura pedepsirii dezertorilor şi a celor care îi ascund sau îi ajută.</subfield>
    </datafield>
    <datafield tag="650" ind1=" " ind2=" ">
      <subfield code="a">dezertare</subfield>
    </datafield>
    <datafield tag="650" ind1=" " ind2=" ">
      <subfield code="a">istorie militară</subfield>
    </datafield>
    <datafield tag="650" ind1=" " ind2=" ">
      <subfield code="a">istorie</subfield>
    </datafield>
    <datafield tag="650" ind1=" " ind2=" ">
      <subfield code="a">carte românească veche</subfield>
    </datafield>
    <datafield tag="995" ind1=" " ind2=" ">
      <subfield code="a">Colecţii Speciale - BRV</subfield>
      <subfield code="D">0.01</subfield>
      <subfield code="e">BRV529</subfield>
      <subfield code="F">Sediul_Central_A</subfield>
      <subfield code="j">347a BRV</subfield>
      <subfield code="U">Available</subfield>
      <subfield code="W">Dec 21, 2019</subfield>
      <subfield code="y">BRV529</subfield>
      <subfield code="Z">Împrumut la Sala</subfield>
    </datafield>
  </record>