
  <record>
    <leader>00000nam a2200000 a 4500</leader>
    <controlfield tag="001">BJSB449174</controlfield>
    <controlfield tag="008">191221s1756####|||||||||||||||||#||####u</controlfield>
    <datafield tag="050" ind1=" " ind2=" ">
      <subfield code="a">094.1(498); 94(560)</subfield>
    </datafield>
    <datafield tag="100" ind1=" " ind2=" ">
      <subfield code="a">Cantemir, Dimitrie</subfield>
    </datafield>
    <datafield tag="245" ind1="1" ind2="4">
      <subfield code="a">The history of the growth and decay of the Othman Empire. Part I containing the growth of the Othman Empire from the Reign of Othman the founder, to the Reign of Mahomet IV. That is, from the year 1300, to the siege of Vienna, in 1683. Part II. containing the History of the Decay of the Othman Empire, from the Reign of Mahomet IV to the Reign of Ahmed III. Being the History of the author's own times. Written orginally in latin, by Demetrius Cantemir, late Prince of Moldavia...</subfield>
      <subfield code="c">Dimitrie Cantemir; trad. N. Tindal</subfield>
      <subfield code="h">[Carte tipărită]</subfield>
    </datafield>
    <datafield tag="260" ind1=" " ind2=" ">
      <subfield code="a">Londra</subfield>
      <subfield code="c">1756</subfield>
    </datafield>
    <datafield tag="300" ind1=" " ind2=" ">
      <subfield code="a">[1] f.; 4 p.; [1] f.; p. V-XV; [1] p.; 460 p.; [20] f. ; 35 cm</subfield>
    </datafield>
    <datafield tag="500" ind1=" " ind2=" ">
      <subfield code="a">Greşeli de numerotare; p. 62 e numerotată 64; p. 63 e numerotată 61; p. 99 e numerotată 92; p. 273 e numerotată 275; p. 373 e numerotată 337; p. 376 e numerotată 379. Legătura: carton recent marmorat; cotorul legat în piele. Însemnări: fila de titlu: A. Papiu Ilarianu; Contes of Dunmorés; D. Hodosiu. Observaţii: ştampilă ovală cu textul Biblioteca Centrală a Asociaţiunii Sibiu, p. 97, 445; ştampilă dreptunghiulară cu textul Biblioteca „Astrei” (Asociaţiunea pentru lit. rom. şi cultura poporului român). Centrala Sibiu. Nr. II 6395 pe fila de gardă, fila de titlu.</subfield>
    </datafield>
    <datafield tag="650" ind1=" " ind2=" ">
      <subfield code="a">carte românească veche</subfield>
    </datafield>
    <datafield tag="650" ind1=" " ind2=" ">
      <subfield code="a">istorie medievală</subfield>
    </datafield>
    <datafield tag="650" ind1=" " ind2=" ">
      <subfield code="a">istorie</subfield>
    </datafield>
    <datafield tag="650" ind1=" " ind2=" ">
      <subfield code="a">istoria Imperiului Otoman</subfield>
    </datafield>
    <datafield tag="856" ind1=" " ind2=" ">
      <subfield code="u">http://www.dspace.bjastrasibiu.ro/bitstream/123456789/10269/1/BJA_CS_000016_CRV_0001-0534.pdf</subfield>
    </datafield>
    <datafield tag="995" ind1=" " ind2=" ">
      <subfield code="a">Colecţii Speciale - BRV</subfield>
      <subfield code="D">0.01</subfield>
      <subfield code="e">BRV016</subfield>
      <subfield code="F">Sediul_Central_A</subfield>
      <subfield code="j">297 BRV</subfield>
      <subfield code="U">Available</subfield>
      <subfield code="W">Dec 21, 2019</subfield>
      <subfield code="y">BRV016</subfield>
      <subfield code="Z">Împrumut la Sala</subfield>
    </datafield>
  </record>