
  <record>
    <leader>00000nam a2200000 a 4500</leader>
    <controlfield tag="001">BJSB449173</controlfield>
    <controlfield tag="008">191221s1800####|||||||||||||||||#||####u</controlfield>
    <datafield tag="050" ind1=" " ind2=" ">
      <subfield code="a">094.1(498); 264-15</subfield>
    </datafield>
    <datafield tag="245" ind1="0" ind2="0">
      <subfield code="a">Triodion acum a doao oară aşezat, şi tipărit, după rânduiala Besericii Răsăritului. Supt stăpânirea Prea Înălţatului Înpărat a romanilor. Francisc al doilea Craiul Apostolicesc Mare Prinţip al Ardealului, şi celelalte: Cu blagoslovenia Mării Sale Prea Luminatului, şi Prea Sfinţitului Domnului Domn Ioann Bobb. Vlădicul Făgăraşului. În Blaj la Mitropolie. Anul dela naşterea lui Hs 1800.</subfield>
      <subfield code="c">Editor Ioan Bob</subfield>
      <subfield code="h">[Carte tipărită]</subfield>
    </datafield>
    <datafield tag="250" ind1=" " ind2=" ">
      <subfield code="a">Ed. a 2-a</subfield>
    </datafield>
    <datafield tag="260" ind1=" " ind2=" ">
      <subfield code="a">Blaj</subfield>
      <subfield code="b">Tiparul Seminarului</subfield>
      <subfield code="c">1800</subfield>
    </datafield>
    <datafield tag="300" ind1=" " ind2=" ">
      <subfield code="a">[1] f.; 630 p. ; 34 cm</subfield>
    </datafield>
    <datafield tag="500" ind1=" " ind2=" ">
      <subfield code="a">Legătura: coperţi din lemn legate în piele; ornamente geometrice aurite; se mai păstrează urmele cheotorilor. Însemnări: p. 1: Această S carte este a S Besereci din Poptelecu 1868 Martie 15; Această sfântă carte; p. 3: au răscumpărat şi au [...]; p. 5: măriană sav; p. 7: lăgătura cărţii cu 19 zloţi; p. 9: şi so dea în pomenire Sfintei Beserici; p. 11: în numitul sat Poptelec; p. 13: să fie pomană dela ceastă [...]; p. 15: [...] iară cine sar fura să fie afurisit; p. 17: de 318 părinţi sfinţi; p. 19: anul 1820 şi care va sluji [...]; p. 21: [...] cu alui [...] Marie Dote (?); p. 23: a munci fiind paroh popa Da[...]; p. 37: A moridii (?); p. 307: Baboş Janos; p. 512: Vasiliu (?) Fekete tryfon Baboş Ioany; p. 570: Theodor Csenian Cantor din ano 1842 scrisam; p. 571: Eu Theodor Cseniam cantor în comuna Poptelec; p. 572: in Casa cu Cantorala (?) [...] 17. 1869 s.v.; p. 620: Theodor Csenian Cantor în; p. 621: comuna Poptelec din ano 1842; p. 622 scrisam; p. 623: in anu 1869; p. 624: scrisam Eu Csenian; p. 625: Theodor; p. 626: in casa [...] Cantoral ; p. 627: [...] 17 s.v. 1869. Observaţii: filele de gardă de la începutul şi sfârşitul cărţii, coperta 3, anexate tabele în limbile română, germană şi maghiară: Protocolu de zălogire şi de licitaţiune care sau luat despre zălogirea şi vinderea obiectelor cari se traseră în execuţiune pentru [...] restanţelor de dare, pe temeiul arătatelor documente: arătarea individuale a restanţei de contribuţiune, adeverinţele publicaţiunei despre bucăţile de licitaţiune; rubricatura este completată manuscris; pete de ceară pe mai multe file</subfield>
    </datafield>
    <datafield tag="650" ind1=" " ind2=" ">
      <subfield code="a">teologie</subfield>
    </datafield>
    <datafield tag="650" ind1=" " ind2=" ">
      <subfield code="a">carte românească veche</subfield>
    </datafield>
    <datafield tag="650" ind1=" " ind2=" ">
      <subfield code="a">triod</subfield>
    </datafield>
    <datafield tag="650" ind1=" " ind2=" ">
      <subfield code="a">cărţi liturgice</subfield>
    </datafield>
    <datafield tag="995" ind1=" " ind2=" ">
      <subfield code="a">Colecţii Speciale - BRV</subfield>
      <subfield code="D">0.01</subfield>
      <subfield code="e">BRV028</subfield>
      <subfield code="F">Sediul_Central_A</subfield>
      <subfield code="j">629 BRV</subfield>
      <subfield code="U">Available</subfield>
      <subfield code="W">Dec 21, 2019</subfield>
      <subfield code="y">BRV028</subfield>
      <subfield code="Z">Împrumut la Sala</subfield>
    </datafield>
  </record>