
  <record>
    <leader>00000nam a2200000 a 4500</leader>
    <controlfield tag="001">BJSB449172</controlfield>
    <controlfield tag="008">191221s1800####|||||||||||||||||#||####u</controlfield>
    <datafield tag="050" ind1=" " ind2=" ">
      <subfield code="a">094.1(498); 241; 252.8</subfield>
    </datafield>
    <datafield tag="245" ind1="0" ind2="0">
      <subfield code="a">Carte folositoare de suflet despărţită în trei părţi dintru care cea dintâiu cuprinde învăţătură cătră duhovnic. A doao, canoanele Sfântului Ioann Postnicului. Iară a treia, sfâtuire cătră cel ce să ispovedeşte tălmăcită din limba cea grecească, acu întru a doao domnie aicea a Prea Luminatului Domnului nostru Io Alexandru Constantin Muruz VV din porunca Prea Sfinţiei sale Chiriu Dositei Arhiepiscopul şi Mitropolitul a toată Ungrovlahia...</subfield>
      <subfield code="c">Editor Dositei, Mitropolitul Ungrovlahiei; tipograf Stanciu Popovici</subfield>
      <subfield code="h">[Carte tipărită]</subfield>
    </datafield>
    <datafield tag="250" ind1=" " ind2=" ">
      <subfield code="a">Ed. a 2-a</subfield>
    </datafield>
    <datafield tag="260" ind1=" " ind2=" ">
      <subfield code="a">București</subfield>
      <subfield code="b">Tipografia Sfintei Mitropolii</subfield>
      <subfield code="c">1800</subfield>
    </datafield>
    <datafield tag="300" ind1=" " ind2=" ">
      <subfield code="a">[12] f.; 157 f.; [1] f. ; 20 cm</subfield>
    </datafield>
    <datafield tag="500" ind1=" " ind2=" ">
      <subfield code="a">Greşeli de paginaţie: fila 20 e numerotată 21; fila 156 e numerotată 155 Legătura: coperţi din carton recent; cotorul legat în piele. Însemnări: fila de gardă v: Acestă carte am căpetat'o de la betrânul paroch din Prejmer Alexe Frateş în 17 August 1902 fiind acolo în comisie oficiosă pentru Albina, însoţit de soţia mea şi dl. Paul redactor la Gazeta Transivaniei. [N. Petra] Petrescu; fila 4 nenumerotată: Această sfântă şi dumnezeiască carte este a Sfintei Biserici Prejmirului. Dată de dum. Gheorghie sin Ioanvlad fiul răposatului ctitor. Şi am scris eu preotul Radu Popovici paroh 1803 13 Ianuar; fila 6 v: Dăruit-am această pravilă la sfânta beserică ce să află în [...] la oraş Prejmer ce s-au zidit de răposaţi părinţi noştri şi ctitori unde să cinsteşte şi să prăznuieşte hramul sfinţilor apostoli şi [...] Petru şi Pavel spre [...] noastră pomenire. 801, april 5 Bucureşti. Gheorghie Ioan Vlad; fila 56 v: la cei învrăjbiţi; coperta 3: fev. 12 822. Dimitrie Dogari paroh din [...]. Observaţii: ştampilă ovală cu textul Biblioteca Centrală a Asociaţiunii Sibiiu pe foaia de titlu, fila 100; ştampilă dreptunghiulară cu textul: Asociaţiunea pentru Literatura Română şi Cultura Poporului Român Astra Sibiu No [...] Anul [...] luna [...] ziua [...] pe fila nenumerotată v de la sfârşitul cărţii.</subfield>
    </datafield>
    <datafield tag="650" ind1=" " ind2=" ">
      <subfield code="a">carte românească veche</subfield>
    </datafield>
    <datafield tag="650" ind1=" " ind2=" ">
      <subfield code="a">teologie</subfield>
    </datafield>
    <datafield tag="650" ind1=" " ind2=" ">
      <subfield code="a">teologie morală</subfield>
    </datafield>
    <datafield tag="650" ind1=" " ind2=" ">
      <subfield code="a">predici</subfield>
    </datafield>
    <datafield tag="995" ind1=" " ind2=" ">
      <subfield code="a">Colecţii Speciale - BRV</subfield>
      <subfield code="D">0.01</subfield>
      <subfield code="e">BRV090</subfield>
      <subfield code="F">Sediul_Central_A</subfield>
      <subfield code="j">624 BRV</subfield>
      <subfield code="U">Available</subfield>
      <subfield code="W">Dec 21, 2019</subfield>
      <subfield code="y">BRV090</subfield>
      <subfield code="Z">Împrumut la Sala</subfield>
    </datafield>
  </record>