
  <record>
    <leader>00000nam a2200000 a 4500</leader>
    <controlfield tag="001">BJSB449171</controlfield>
    <controlfield tag="008">191221s1797####|||||||||||||||||#||####u</controlfield>
    <datafield tag="050" ind1=" " ind2=" ">
      <subfield code="a">094.1(498); 264-15</subfield>
    </datafield>
    <datafield tag="245" ind1="0" ind2="1">
      <subfield code="a">[Sfintele şi Dumnezeeştile Liturghii a celor dintru sfinţi părinţilor noştri, a lui Ioann Zlatoust, a lui Vasilie cel Mare, şi a prejdesştenii. Sau tipărit întru a doao domnie a Prea Luminatului Domn Io Alexandru Ipsilant Voevod. Cu blagoslovenia şi cu toată chieltuiala Prea Sfinţii Sale părintelui Chir Dositei Mitropolit a toată Ungrovlahia. În Sfânta Mitrop. La anul dela Hs. 1797. De Dimitrie Mihailo vici, tipograful Râmnicului.]</subfield>
      <subfield code="c">Editor Dositei, Mitropolitul Ungrovlahiei; tipograf Dimitrie Mihailovici</subfield>
      <subfield code="h">[Carte tipărită]</subfield>
    </datafield>
    <datafield tag="260" ind1=" " ind2=" ">
      <subfield code="a">București</subfield>
      <subfield code="b">Tipografia Sfintei Mitropolii</subfield>
      <subfield code="c">1797</subfield>
    </datafield>
    <datafield tag="300" ind1=" " ind2=" ">
      <subfield code="a">[1] f.; 200 f. ; 22 cm</subfield>
    </datafield>
    <datafield tag="500" ind1=" " ind2=" ">
      <subfield code="a">Greşeli de paginaţie: fila 135 e numerotată 136. Legătura: coperţi din lemn învelite în piele; coperta 1 scena răstignirii încadrată de un chenar cu motive geometrice; se mai păstrează urmele cheotorilor. Însemnări: coperta 2: Dragă Dragă Dragă Costică Te rog fii aşa de bun ca se pofteşti  cu [...] pentru sara de 28 [...] Cu stimă [...]; fila 48: Preoţi [...] 832 [...] preut [...] Observaţii: exemplar incomplet, lipsesc foaia de titlu şi filele 201-204; numeroase pete de ceară; fila de titlu a fost reprodusă din Bibliografia Românească Veche, vol. II, p. 393-394.</subfield>
    </datafield>
    <datafield tag="650" ind1=" " ind2=" ">
      <subfield code="a">teologie</subfield>
    </datafield>
    <datafield tag="650" ind1=" " ind2=" ">
      <subfield code="a">carte românească veche</subfield>
    </datafield>
    <datafield tag="650" ind1=" " ind2=" ">
      <subfield code="a">liturghii</subfield>
    </datafield>
    <datafield tag="650" ind1=" " ind2=" ">
      <subfield code="a">cărţi liturgice</subfield>
    </datafield>
    <datafield tag="995" ind1=" " ind2=" ">
      <subfield code="a">Colecţii Speciale - BRV</subfield>
      <subfield code="D">0.01</subfield>
      <subfield code="e">BRV484</subfield>
      <subfield code="F">Sediul_Central_A</subfield>
      <subfield code="j">610 BRV</subfield>
      <subfield code="U">Available</subfield>
      <subfield code="W">Dec 21, 2019</subfield>
      <subfield code="y">BRV484</subfield>
      <subfield code="Z">Împrumut la Sala</subfield>
    </datafield>
  </record>