
  <record>
    <leader>00000nam a2200000 a 4500</leader>
    <controlfield tag="001">BJSB449170</controlfield>
    <controlfield tag="008">191221s1796####|||||||||||||||||#||####u</controlfield>
    <datafield tag="050" ind1=" " ind2=" ">
      <subfield code="a">094.1(498); 264-15; 264-13</subfield>
    </datafield>
    <datafield tag="245" ind1="0" ind2="0">
      <subfield code="a">Psaltirea Prorocului şi Înpăratului David. Acum întracestaşi chip tipărită întru a doao domnie a Prea luminatului domn, Io Alexandru Ipsilant Voevod cu blagoslovenia şi toată chieltuiala Prea Sfinţii Sale părintelui Chir Dositei Mitropolit a toată Ungrovlahia. În Sfânta Mitropolie. La anul dela Hs 1796. Sau tipărit de Dimitrie Mihailo vici tipograful Râmnicului.</subfield>
      <subfield code="c">Editor Dositei, Mitropolitul Ungrovlahiei; tipograf Dimitrie Mihailovici</subfield>
      <subfield code="h">[Carte tipărită]</subfield>
    </datafield>
    <datafield tag="260" ind1=" " ind2=" ">
      <subfield code="a">București</subfield>
      <subfield code="b">Tipografia Sfintei Mitropolii</subfield>
      <subfield code="c">1796</subfield>
    </datafield>
    <datafield tag="300" ind1=" " ind2=" ">
      <subfield code="a">[7] f.; 168 f. ; 20 cm</subfield>
    </datafield>
    <datafield tag="500" ind1=" " ind2=" ">
      <subfield code="a">Legătura: coperţi din carton învelite în piele Însemnări: coperta 2: Ezach[...] A 1898; prima filă de gardă: [...] 1858; prima filă de gardă v: Eugeni Alecsandina A 1858; fila 2 v: însemnări tipiconale. Observaţii: exemplar incomplet, lipsesc o filă nenumerotată, filele 166-167, 168-242; fila de gardă de la sfârşitul cărţii ştampilă cu textul: Anticariat Nr. 1 Lei 700.</subfield>
    </datafield>
    <datafield tag="650" ind1=" " ind2=" ">
      <subfield code="a">teologie</subfield>
    </datafield>
    <datafield tag="650" ind1=" " ind2=" ">
      <subfield code="a">carte românească veche</subfield>
    </datafield>
    <datafield tag="650" ind1=" " ind2=" ">
      <subfield code="a">psaltire</subfield>
    </datafield>
    <datafield tag="650" ind1=" " ind2=" ">
      <subfield code="a">cărţi liturgice</subfield>
    </datafield>
    <datafield tag="995" ind1=" " ind2=" ">
      <subfield code="a">Colecţii Speciale - BRV</subfield>
      <subfield code="D">0.01</subfield>
      <subfield code="e">BRV426</subfield>
      <subfield code="F">Sediul_Central_A</subfield>
      <subfield code="j">603 BRV</subfield>
      <subfield code="U">Available</subfield>
      <subfield code="W">Dec 21, 2019</subfield>
      <subfield code="y">BRV426</subfield>
      <subfield code="Z">Împrumut la Sala</subfield>
    </datafield>
  </record>