
  <record>
    <leader>00000nam a2200000 a 4500</leader>
    <controlfield tag="001">BJSB449169</controlfield>
    <controlfield tag="008">191221s1794####|||||||||||||||||#||####u</controlfield>
    <datafield tag="050" ind1=" " ind2=" ">
      <subfield code="a">094.1(498); 264-15</subfield>
    </datafield>
    <datafield tag="245" ind1="0" ind2="0">
      <subfield code="a">Molitvenic acum întru acest chip sau tipărit, întru întâiu domnie a Prea Luminatului Domn, Io Alexandru Constantin Muruz Voevod cu blagoslovenia şi cu toată cheltuiala Prea Sfinţii Sale părintelui Chiriu Chir Dositei Mitropolitului Ungrovlahiei. În Sfânta Mitropolie a Bucureştilor la anii dela hs 1794. Sau tipărit de Dimitrie Petrovi Bucureşti tipograf.</subfield>
      <subfield code="c">Editor Dositei, Mitropolitul Ungrovlahiei; tipograf Dimitrie Petrovi</subfield>
      <subfield code="h">[Carte tipărită]</subfield>
    </datafield>
    <datafield tag="260" ind1=" " ind2=" ">
      <subfield code="a">Râmnic</subfield>
      <subfield code="b">Tipografia Episcopiei Râmnicului</subfield>
      <subfield code="c">1794</subfield>
    </datafield>
    <datafield tag="300" ind1=" " ind2=" ">
      <subfield code="a">[8] f., f. 1-40; 107-180; 185-353 ; 21 cm</subfield>
    </datafield>
    <datafield tag="500" ind1=" " ind2=" ">
      <subfield code="a">Greşeli de paginaţie: fila 39 e numerotată 30; fila 108 e numerotată 120; fila 109 e numerotată 119 (numerotarea continuă greşit); fila 143 e numerotată 144; fila 201 e numerotată 200. Legătura: coperţi din lemn învelite în piele; una dintre cheotori este funcţională. Însemnări: coperta 2: Mai bine este puţin celui dreptu decatu bogatie mare a pecatosului căci unde este comora acolo este inima atentiată. Calbor la 9 februar 1895. Christea Vasile Nro 17; fila de gardă: însemnări şterse, ilizibile; foaia de gardă v: Astăi în 27 April 857 (?) lu Vasile (?) Kelar din Kalbor lam vîndut [...] cu 200 florinţi [...]; foaia de titlu: 1794. Christea Vasile nr. 17; fila 8 nenumerotată v: Pomelnic pentru aceste nume: Radu, Zamfira, Ion Maria, Elena, Rodion. Acest Molitvenicul lam dăruit popii Zaharia; coperta 2: însemnări în creion ilizibile. Observaţii: exemplar incomplet, lipsesc filele 41-106, filele 181-184, filele 353-355; coperta 3 ştampilă cu textul: Anticariat Sibiu 1250 Lei. 760/3 IV 78.  </subfield>
    </datafield>
    <datafield tag="650" ind1=" " ind2=" ">
      <subfield code="a">carte românească veche</subfield>
    </datafield>
    <datafield tag="650" ind1=" " ind2=" ">
      <subfield code="a">cărţi liturgice</subfield>
    </datafield>
    <datafield tag="650" ind1=" " ind2=" ">
      <subfield code="a">teologie</subfield>
    </datafield>
    <datafield tag="650" ind1=" " ind2=" ">
      <subfield code="a">molitvenic</subfield>
    </datafield>
    <datafield tag="995" ind1=" " ind2=" ">
      <subfield code="a">Colecţii Speciale - BRV</subfield>
      <subfield code="D">0.01</subfield>
      <subfield code="e">BRV447</subfield>
      <subfield code="F">Sediul_Central_A</subfield>
      <subfield code="j">579 BRV</subfield>
      <subfield code="U">Available</subfield>
      <subfield code="W">Dec 21, 2019</subfield>
      <subfield code="y">BRV447</subfield>
      <subfield code="Z">Împrumut la Sala</subfield>
    </datafield>
  </record>