
  <record>
    <leader>00000nam a2200000 a 4500</leader>
    <controlfield tag="001">BJSB449168</controlfield>
    <controlfield tag="008">191221s1793####|||||||||||||||||#||####u</controlfield>
    <datafield tag="050" ind1=" " ind2=" ">
      <subfield code="a">094.1(498); 264-15</subfield>
    </datafield>
    <datafield tag="245" ind1="0" ind2="0">
      <subfield code="a">Molitvenic acum întru acest chip sau tipărit, întru întâia domnie, a Prea Luminatului Domn. Io Alexandru Constantin Muruzi Voevod. Cu blagoslovenia, şi cu toată chieltuiala Prea Sfinţiei sale iubitoriului de Dumnezeu, Chiriu Chir Nectarie Episcopul Râmnicului. În Sfânta Episcopie a Râmnicului, la anul dela Hs 1793. Sau tipărit de Dimitrie sîn Popa Mihai tipograful Râmnicului. Și de Gheorghie sîn Popa Constandin tip. Râmnicului.</subfield>
      <subfield code="c">Editor Nectarie, Episcopul Râmnicului; tipografi Dimitrie Popa Mihai, Gheorghie Popa Constandin</subfield>
      <subfield code="h">[Carte tipărită]</subfield>
    </datafield>
    <datafield tag="260" ind1=" " ind2=" ">
      <subfield code="a">Râmnic</subfield>
      <subfield code="b">Tipografia Episcopiei Râmnicului</subfield>
      <subfield code="c">1793</subfield>
    </datafield>
    <datafield tag="300" ind1=" " ind2=" ">
      <subfield code="a">[4] f.; 360 f. ; 23 cm</subfield>
    </datafield>
    <datafield tag="500" ind1=" " ind2=" ">
      <subfield code="a">Greşeli de paginaţie: fila 51 e numerotată 50 Legătura: coperţi din lemn învelite în piele; se mai păstrează urmele cheotorilor. Însemnări: fila de titlu: La Dimitrie Popovici în Bucureşti la hanu lui Şerban Vodă 1804; fila 346: imprimatur Cibinii die 30 a Nov 832. I. Carolus Albrich P. L. Revis. &amp; Censor. Observaţii: pe coperţile 2 şi 3 lipite pagini ale unei cărţi româneşti vechi.</subfield>
    </datafield>
    <datafield tag="650" ind1=" " ind2=" ">
      <subfield code="a">molitvenic</subfield>
    </datafield>
    <datafield tag="650" ind1=" " ind2=" ">
      <subfield code="a">teologie</subfield>
    </datafield>
    <datafield tag="650" ind1=" " ind2=" ">
      <subfield code="a">cărţi liturgice</subfield>
    </datafield>
    <datafield tag="650" ind1=" " ind2=" ">
      <subfield code="a">carte românească veche</subfield>
    </datafield>
    <datafield tag="995" ind1=" " ind2=" ">
      <subfield code="a">Colecţii Speciale - BRV</subfield>
      <subfield code="D">0.01</subfield>
      <subfield code="e">BRV079</subfield>
      <subfield code="F">Sediul_Central_A</subfield>
      <subfield code="j">566 BRV</subfield>
      <subfield code="U">Available</subfield>
      <subfield code="W">Dec 21, 2019</subfield>
      <subfield code="y">BRV079</subfield>
      <subfield code="Z">Împrumut la Sala</subfield>
    </datafield>
  </record>