
  <record>
    <leader>00000nam a2200000 a 4500</leader>
    <controlfield tag="001">BJSB449167</controlfield>
    <controlfield tag="008">191221s1792####|||||||||||||||||#||####u</controlfield>
    <datafield tag="050" ind1=" " ind2=" ">
      <subfield code="a">094.1(498); 264-15</subfield>
    </datafield>
    <datafield tag="245" ind1="0" ind2="0">
      <subfield code="a">Octoih şi slujbele sfinţilor de obşte acum a patra oară cu adaogere vecerniilor a fieşte căruia glas, dumineca seara, aşezat, şi tipărit, după rânduiala Besericii Răsăritului. Supt stăpânirea Prea Înălţatului Înpăratului Râmleanilor Prinţului Ardealului, iproci iproci: Domnului Domnului, Francişc. Cu blagoslovenia Mării Sale Prea luminatului, şi Prea o sfinţitului Vlădicului Făgăraşului Ioann Bobb. Tipărit în Blaj, în Tipografia Seminariului. Anii dela zidire 7300 iară dela Hs 1792.</subfield>
      <subfield code="c">Editor Ioan Bob</subfield>
      <subfield code="h">[Carte tipărită]</subfield>
    </datafield>
    <datafield tag="250" ind1=" " ind2=" ">
      <subfield code="a">Ed. a 4-a</subfield>
    </datafield>
    <datafield tag="260" ind1=" " ind2=" ">
      <subfield code="a">Blaj</subfield>
      <subfield code="b">Tiparul Seminarului</subfield>
      <subfield code="c">1792</subfield>
    </datafield>
    <datafield tag="300" ind1=" " ind2=" ">
      <subfield code="a">[2] f.; 424 p.; 196 p. ; 21 cm</subfield>
    </datafield>
    <datafield tag="500" ind1=" " ind2=" ">
      <subfield code="a">Greşeli de paginaţie: p. 182 e numerotată 172; p. 183 e numerotată 173 (II). Legătura: coperţi din lemn învelite în piele. Însemnări: p. 1: Acestu Octoih de ră; p. 3: păusatul preot Ioan; p. 5: Maroş rămas înpărţit; p. 7: fusă [...] să să vaite; p. 9: cărţii de acest [...]; p. 11: rămasă între săracii pruncii; p. 13: săi cu săborul [...] popei; p. 15: sau hotărât să să [...]; p. 17: săracii [...] preut; p. 19: precum sai fii dat acest; p. 21: biserecii pomană ca să fie; p. 23: pururea a ei pentru [...]; p. 25: aceluiaşi preot şi a soţiei lui; p. 27: [...] nimene nil [...]; p. 29: pruncii [...] preot; p. 31: nil careva  dintre niamul (?); p. 33: lui [...] seva prete[...]; p. 35: să nu îndrăznească a o stră; p. 37: muta dela această bisărică; p. 39: iar care aceasta ar face să; p. 41: fie afurisit de cei 318 de; p. 43: părinţii de la săborul din Nichia; p. 45: şi sau săvârşit acest [...]; p. 47: fiind protopop Ioan Maroş; p. 75: La Masocat (?); p. 77: Antifon [...]; p. 177: Ioane Eneea (?); p. 255: Sfărşitul glasului al [...]; p. 352: La cetiria cărţi sf Apostol Pavel cătră corinteni; p. 403: Gonza Ion Cantor; p. 159 (II): 1883 Iuane Encenu 1883; fila de gardă de la sfârşitul cărţii: Ian zia de 25 XII a 1930 au fost ti(m)p frumos. Observaţii: foaia de gardă de la sfârşitul cărţii, ştampilă cu textul: Anticariat Sibiu. Lei 625.</subfield>
    </datafield>
    <datafield tag="650" ind1=" " ind2=" ">
      <subfield code="a">teologie</subfield>
    </datafield>
    <datafield tag="650" ind1=" " ind2=" ">
      <subfield code="a">carte românească veche</subfield>
    </datafield>
    <datafield tag="650" ind1=" " ind2=" ">
      <subfield code="a">octoih</subfield>
    </datafield>
    <datafield tag="650" ind1=" " ind2=" ">
      <subfield code="a">cărţi liturgice</subfield>
    </datafield>
    <datafield tag="995" ind1=" " ind2=" ">
      <subfield code="a">Colecţii Speciale - BRV</subfield>
      <subfield code="D">0.01</subfield>
      <subfield code="e">BRV351</subfield>
      <subfield code="F">Sediul_Central_A</subfield>
      <subfield code="j">556 BRV</subfield>
      <subfield code="U">Available</subfield>
      <subfield code="W">Dec 21, 2019</subfield>
      <subfield code="y">BRV351</subfield>
      <subfield code="Z">Împrumut la Sala</subfield>
    </datafield>
  </record>