
  <record>
    <leader>00000nam a2200000 a 4500</leader>
    <controlfield tag="001">BJSB449166</controlfield>
    <controlfield tag="008">191221s1792####|||||||||||||||||#||####u</controlfield>
    <datafield tag="050" ind1=" " ind2=" ">
      <subfield code="a">094.1(498); 264-15</subfield>
    </datafield>
    <datafield tag="245" ind1="0" ind2="0">
      <subfield code="a">Acatist al Prea Sfintei Născătoarei de Dumnezeu, şi alte acatiste şi rugăciuni foarte de folos. Cu blagoslovenia Prea osfinţitului Domnului D. Gherasim Adamovici Episcop neunit al Ardeal. Sibiu. În Tipografia a lui Petru Bart, tipograful neuniţilor anul 1792.</subfield>
      <subfield code="c">Editor Gherasim Adamovici, Episcopul Ardealului</subfield>
      <subfield code="h">[Carte tipărită]</subfield>
    </datafield>
    <datafield tag="260" ind1=" " ind2=" ">
      <subfield code="a">Sibiu</subfield>
      <subfield code="b">Tipografia Petru Bart</subfield>
      <subfield code="c">1792</subfield>
    </datafield>
    <datafield tag="300" ind1=" " ind2=" ">
      <subfield code="a">[2] f.; 622 p. ; 12 cm</subfield>
    </datafield>
    <datafield tag="500" ind1=" " ind2=" ">
      <subfield code="a">Legătura: coperţi din lemn legate în piele; se mai păstrează urmele cheotorilor Însemnări: coperta 2: aceasta sfânt; aceasta sfânta [...]; fila de gardă 1: Această sfântă carte [...] smerenie rugăm [...] cetitor Anul 89 [...]; fila de gardă 1 v: Georg Pavelesc din Rosilla [...]; p. 383: Sfârşitul [...]; p. 493: Canonul ing. Se tine de rug. da sera; p. 512: cele [...]; p. 514: Acesta se face [...] acesta; fila de gardă 1 de la sfârşitul cărţii: Aceasta carte Sfanta de Dmz blagoslovită a fost la Georg Pavelesc din Rocilla adeca Purcâritzi 3 Ani adeca în anul 1873 1874 şi in 1875 fost de rostu Georg Pavelesc; fila de gardă 1 v de la sfârşitul cărţii: Zaharias Stoika nom Strugar 1892; Acsestă Acatist au fostu si la Georg Pavelesc Purcâritzi; Istrate; Vasilie [...];  fila de gardă 2 de la sfârşitul cărţii: Acesta Sfanta carte au fostu la Georg Pavelesc Georg Pavelesc in an 1875 in 1 Mai [...]: Strugar; fila de gardă 2 v de la sfârşitul cărţii: [...] celu pentru [...]; Zaharie Stoica [...]; coperta 3: Zaharie acole pentru lucrat cel buc [...] Observaţii: coperta 3, anexat un bilet cu o ştampilă cu textul: Anticariat Sibiu Lei 875.</subfield>
    </datafield>
    <datafield tag="650" ind1=" " ind2=" ">
      <subfield code="a">teologie</subfield>
    </datafield>
    <datafield tag="650" ind1=" " ind2=" ">
      <subfield code="a">carte românească veche</subfield>
    </datafield>
    <datafield tag="650" ind1=" " ind2=" ">
      <subfield code="a">acatiste</subfield>
    </datafield>
    <datafield tag="650" ind1=" " ind2=" ">
      <subfield code="a">cărţi liturgice</subfield>
    </datafield>
    <datafield tag="856" ind1=" " ind2=" ">
      <subfield code="u">http://www.dspace.bjastrasibiu.ro/bitstream/123456789/10460/1/BJA_CS_000385_BRV_0001-0638.pdf</subfield>
    </datafield>
    <datafield tag="995" ind1=" " ind2=" ">
      <subfield code="a">Colecţii Speciale - BRV</subfield>
      <subfield code="D">0.01</subfield>
      <subfield code="e">BRV385</subfield>
      <subfield code="F">Sediul_Central_A</subfield>
      <subfield code="j">550 BRV</subfield>
      <subfield code="U">Available</subfield>
      <subfield code="W">Dec 21, 2019</subfield>
      <subfield code="y">BRV385</subfield>
      <subfield code="Z">Împrumut la Sala</subfield>
    </datafield>
  </record>