
  <record>
    <leader>00000nam a2200000 a 4500</leader>
    <controlfield tag="001">BJSB449165</controlfield>
    <controlfield tag="008">191221s1791####|||||||||||||||||#||####u</controlfield>
    <datafield tag="050" ind1=" " ind2=" ">
      <subfield code="a">094.1(498); 264-15; 264-13</subfield>
    </datafield>
    <datafield tag="245" ind1="0" ind2="0">
      <subfield code="a">Psaltirea Prorocului şi Înpăratului David, acum întracestaşi chip tipărită în zilele Prea-înălţatului Înpărat Leopold al doilea şi cu blagoslovenia Preaosfinţitului Domnului Gherasim Adamovici Episcopul neuniţilor de lege grecească neunită al Ardealului. Sibii. În Chesaro Crăiască rumânească privileghiată a răsăritului tipografie alui Petru Bart, la anul dela facerea lumii, 7298 iară dela naşterea lui Hs 1791.</subfield>
      <subfield code="c">Editor Gherasim Adamovici, Episcopul Ardealului</subfield>
      <subfield code="h">[Carte tipărită]</subfield>
    </datafield>
    <datafield tag="260" ind1=" " ind2=" ">
      <subfield code="a">Sibiu</subfield>
      <subfield code="b">Tipografia Petru Bart</subfield>
      <subfield code="c">1791</subfield>
    </datafield>
    <datafield tag="300" ind1=" " ind2=" ">
      <subfield code="a">[3] f.; 244 p. ; 22 cm</subfield>
    </datafield>
    <datafield tag="500" ind1=" " ind2=" ">
      <subfield code="a">Legătură: lipsă coperţi, se află în folie de protecţie. Observaţii: numeroase pagini restaurate fragmentar, fiind transcrise pasajele care lipseau; p. 224: ştampilă cu textul: Anticariat Sibiu 1250 [lei]</subfield>
    </datafield>
    <datafield tag="650" ind1=" " ind2=" ">
      <subfield code="a">psaltire</subfield>
    </datafield>
    <datafield tag="650" ind1=" " ind2=" ">
      <subfield code="a">cărţi liturgice</subfield>
    </datafield>
    <datafield tag="650" ind1=" " ind2=" ">
      <subfield code="a">teologie</subfield>
    </datafield>
    <datafield tag="650" ind1=" " ind2=" ">
      <subfield code="a">carte românească veche</subfield>
    </datafield>
    <datafield tag="995" ind1=" " ind2=" ">
      <subfield code="a">Colecţii Speciale - BRV</subfield>
      <subfield code="D">0.01</subfield>
      <subfield code="e">BRV477</subfield>
      <subfield code="F">Sediul_Central_A</subfield>
      <subfield code="j">546 BRV</subfield>
      <subfield code="U">Available</subfield>
      <subfield code="W">Dec 21, 2019</subfield>
      <subfield code="y">BRV477</subfield>
      <subfield code="Z">Împrumut la Sala</subfield>
    </datafield>
  </record>