
  <record>
    <leader>00000nam a2200000 a 4500</leader>
    <controlfield tag="001">BJSB449164</controlfield>
    <controlfield tag="008">191221s1788####|||||||||||||||||#||####u</controlfield>
    <datafield tag="050" ind1=" " ind2=" ">
      <subfield code="a">094.1(498); 811.112.2=135.1</subfield>
    </datafield>
    <datafield tag="100" ind1=" " ind2=" ">
      <subfield code="a">Piuariu-Molnar, Ioan</subfield>
    </datafield>
    <datafield tag="245" ind1="1" ind2="0">
      <subfield code="a">Deutsch = wallachische Sprachlehre berfasset von Johann Molnar, Königl. Landes augen Arzt im Grossfüsstenthum Siebenbürgen. Ofen, bei Joseph von Kurzbek k. Hofbuchdrucker, Gross und Buchhändler. 1788.</subfield>
      <subfield code="c">Johann Molnar</subfield>
      <subfield code="h">[Carte tipărită]</subfield>
    </datafield>
    <datafield tag="260" ind1=" " ind2=" ">
      <subfield code="a">Viena</subfield>
      <subfield code="c">1788</subfield>
    </datafield>
    <datafield tag="300" ind1=" " ind2=" ">
      <subfield code="a">[8] f.; 445 p.; [80] p. ; 20 cm</subfield>
    </datafield>
    <datafield tag="500" ind1=" " ind2=" ">
      <subfield code="a">Greşeli de paginaţie: p. 173 e numerotată 371; p. 291 e numerotată 216 Legătura: coperţi din carton recent marmorat. Observaţii: ştampilă dreptunghiulară cu textul Biblioteca „Astrei” (Asociaţiunea pentru lit. rom. şi cultura poporului român). Centrala Sibiu pe foaia de gardă şi pe fila 2 nenumerotată; ştampilă ovală cu textul Biblioteca Centrală a Asociaţiunii Sibiu pe p. 1, 33, 44-45, 109, 207, 291, 351</subfield>
    </datafield>
    <datafield tag="650" ind1=" " ind2=" ">
      <subfield code="a">dicționare</subfield>
    </datafield>
    <datafield tag="650" ind1=" " ind2=" ">
      <subfield code="a">dicţionar german-român</subfield>
    </datafield>
    <datafield tag="650" ind1=" " ind2=" ">
      <subfield code="a">carte românească veche</subfield>
    </datafield>
    <datafield tag="650" ind1=" " ind2=" ">
      <subfield code="a">lingvistică</subfield>
    </datafield>
    <datafield tag="995" ind1=" " ind2=" ">
      <subfield code="a">Colecţii Speciale - BRV</subfield>
      <subfield code="D">0.01</subfield>
      <subfield code="e">BRV073</subfield>
      <subfield code="F">Sediul_Central_A</subfield>
      <subfield code="j">521 BRV</subfield>
      <subfield code="U">Available</subfield>
      <subfield code="W">Dec 21, 2019</subfield>
      <subfield code="y">BRV073</subfield>
      <subfield code="Z">Împrumut la Sala</subfield>
    </datafield>
  </record>