
  <record>
    <leader>00000nam a2200000 a 4500</leader>
    <controlfield tag="001">BJSB449163</controlfield>
    <controlfield tag="008">191221s1786####|||||||||||||||||#||####u</controlfield>
    <datafield tag="050" ind1=" " ind2=" ">
      <subfield code="a">094.1(498); 264-15; 264-13</subfield>
    </datafield>
    <datafield tag="245" ind1="0" ind2="0">
      <subfield code="a">Psaltirea Prorocului şi Înpăratului David. Acum a şasea oară tipărită. Cu blagoslovenia Prea luminatului şi Prea o sfinţitului Domnului Domn Ioan Bobb Vlădicul Făgăraşului. În Blaj. Anul de la zidirea lumii 7294. Iar dela mântuirea lumii 1786.</subfield>
      <subfield code="c">Editor Ioan Bob</subfield>
      <subfield code="h">[Carte tipărită]</subfield>
    </datafield>
    <datafield tag="250" ind1=" " ind2=" ">
      <subfield code="a">Ed. a 6-a</subfield>
    </datafield>
    <datafield tag="260" ind1=" " ind2=" ">
      <subfield code="a">Blaj</subfield>
      <subfield code="b">Tiparul Seminarului</subfield>
      <subfield code="c">1786</subfield>
    </datafield>
    <datafield tag="300" ind1=" " ind2=" ">
      <subfield code="a">[3] f.; 415 p.; [27] p. ; 16 cm</subfield>
    </datafield>
    <datafield tag="500" ind1=" " ind2=" ">
      <subfield code="a">Legătura: coperţi din carton învelite în piele; coperta 1: scena Răstignirii mărginită de un chenar cu motive florale; coperta 4: scena Maica Domnului cu Isus Hristos mărgintă de un chenar cu motive florale. Însemnări: fila de gardă: Starea 1 Fericire. Bine eşti cuvântat [...] în viaţă ne pre noi în [...] la tale cei fără prihană (?) în cele [...]. Starea 2 [...]. Miluieşte [...] direa ta [...]. Pentru rugăciunile Născătoarei de Dumnezeu a tuturor sfinţilor. Starea 3. [...] Mântuieşte mântui[...] sufletul robului tău [...] Vluva (?) fi sufletul; fila de gardă v:  însemnări ilizibile, apar anii 1818, 1827 p. 137: să o cetescu căi de folos; p. 315: te […]; p. 12-14: încercări de condei; fila de gardă de la finalul cărții: Dumnezeu e Domnul şi sau arătat nou tocmind prăznuire şi bucurândune veniţi să mărim pre HS cu ramuri (?) şi cu stălpări (?) şi cântări strigând lui blagoslovit e cel [...] numele hramului (?) iubitoriului (?) nostru; Acesta; Ana [...]</subfield>
    </datafield>
    <datafield tag="650" ind1=" " ind2=" ">
      <subfield code="a">carte românească veche</subfield>
    </datafield>
    <datafield tag="650" ind1=" " ind2=" ">
      <subfield code="a">cărţi liturgice</subfield>
    </datafield>
    <datafield tag="650" ind1=" " ind2=" ">
      <subfield code="a">teologie</subfield>
    </datafield>
    <datafield tag="650" ind1=" " ind2=" ">
      <subfield code="a">psaltire</subfield>
    </datafield>
    <datafield tag="856" ind1=" " ind2=" ">
      <subfield code="u">http://www.dspace.bjastrasibiu.ro/bitstream/123456789/10343/1/BJA_CS_000248_CRV_0001-0458.pdf</subfield>
    </datafield>
    <datafield tag="995" ind1=" " ind2=" ">
      <subfield code="a">Colecţii Speciale - BRV</subfield>
      <subfield code="D">0.01</subfield>
      <subfield code="e">BRV248</subfield>
      <subfield code="F">Sediul_Central_A</subfield>
      <subfield code="j">507 BRV</subfield>
      <subfield code="U">Available</subfield>
      <subfield code="W">Dec 21, 2019</subfield>
      <subfield code="y">BRV248</subfield>
      <subfield code="Z">Împrumut la Sala</subfield>
    </datafield>
  </record>