
  <record>
    <leader>00000nam a2200000 a 4500</leader>
    <controlfield tag="001">BJSB449034</controlfield>
    <controlfield tag="008">191219s1786####|||||||||||||||||#||####u</controlfield>
    <datafield tag="050" ind1=" " ind2=" ">
      <subfield code="a">094.1(498); 264-15</subfield>
    </datafield>
    <datafield tag="245" ind1="0" ind2="0">
      <subfield code="a">Ceasoslov acum a şasea oară tipărit cu blagoslovenia Prea luminatului şi Prea o sfinţitului Domnului Domn Ioan Bobb Vlădica Făgăraşului, şi a toată Țara Ardealului. În Blaj. Anul dela zidirea lumii 7294 iară dela mântuirea lumii 1786.</subfield>
      <subfield code="c">Editor Ioan Bob</subfield>
      <subfield code="h">[Carte tipărită]</subfield>
    </datafield>
    <datafield tag="250" ind1=" " ind2=" ">
      <subfield code="a">Ed. a 6-a</subfield>
    </datafield>
    <datafield tag="260" ind1=" " ind2=" ">
      <subfield code="a">Blaj</subfield>
      <subfield code="b">Tiparul Seminarului</subfield>
      <subfield code="c">1786</subfield>
    </datafield>
    <datafield tag="300" ind1=" " ind2=" ">
      <subfield code="a">[2] f.; 608 p. ; 18 cm</subfield>
    </datafield>
    <datafield tag="500" ind1=" " ind2=" ">
      <subfield code="a">Greşeli de paginaţie: p. 200 e numerotată 199 Legătura: coperţi din lemn învelite în piele; ornamente florale şi geometrice; se mai păstrează urmele cheotorilor. Însemnări: p. 5: ceaslov mare mic.</subfield>
    </datafield>
    <datafield tag="650" ind1=" " ind2=" ">
      <subfield code="a">carte românească veche</subfield>
    </datafield>
    <datafield tag="650" ind1=" " ind2=" ">
      <subfield code="a">cărţi liturgice</subfield>
    </datafield>
    <datafield tag="650" ind1=" " ind2=" ">
      <subfield code="a">teologie</subfield>
    </datafield>
    <datafield tag="650" ind1=" " ind2=" ">
      <subfield code="a">ceaslov</subfield>
    </datafield>
    <datafield tag="995" ind1=" " ind2=" ">
      <subfield code="a">Colecţii Speciale - BRV</subfield>
      <subfield code="D">0.01</subfield>
      <subfield code="e">BRV402</subfield>
      <subfield code="F">Sediul_Central_A</subfield>
      <subfield code="j">501 BRV</subfield>
      <subfield code="U">Available</subfield>
      <subfield code="W">Dec 19, 2019</subfield>
      <subfield code="y">BRV402</subfield>
      <subfield code="Z">Împrumut la Sala</subfield>
    </datafield>
  </record>