
  <record>
    <leader>00000nam a2200000 a 4500</leader>
    <controlfield tag="001">BJSB449033</controlfield>
    <controlfield tag="008">191219s1784####|||||||||||||||||#||####u</controlfield>
    <datafield tag="050" ind1=" " ind2=" ">
      <subfield code="a">094.1(498); 252.8</subfield>
    </datafield>
    <datafield tag="100" ind1=" " ind2=" ">
      <subfield code="a">Studitul, Teodor</subfield>
    </datafield>
    <datafield tag="245" ind1="1" ind2="0">
      <subfield code="a">Cuvintele Sfintului părintelui nostru Teodor Studitul. Tălmăcite de pre limba cea proastă grecească, şi îndreptate de Prea Sfinţitul părinte Chir Filaret Episcopul Râmnicului: şi cu a prea sfinţii sale blagoslovenie şi chieltuială, sau tipărit, pentru folosul vieţii cei de obşte acelor întru Hs fraţi. În zilele întâiei domnii a Prea Înălţatului nostru domn, Io Mihai Constandin Suţul Voevod: în Sfânta Episcopie a Râmnicului: la anii dela Hs: 1784. De Climent ieromonah tip...</subfield>
      <subfield code="c">Teodor Studitul; trad. Filaret, Episcopul Râmnicului; tipografi Climent ieromonah, Popa Constandin</subfield>
      <subfield code="h">[Carte tipărită]</subfield>
    </datafield>
    <datafield tag="260" ind1=" " ind2=" ">
      <subfield code="a">Râmnic</subfield>
      <subfield code="b">Tipografia Episcopiei Râmnicului</subfield>
      <subfield code="c">1784</subfield>
    </datafield>
    <datafield tag="300" ind1=" " ind2=" ">
      <subfield code="a">[8] f.; 123 f. ; 30 cm</subfield>
    </datafield>
    <datafield tag="500" ind1=" " ind2=" ">
      <subfield code="a">Greşeli de numerotare: fila 22 e numerotată 21; fila 23  enumerotată 22; fila 30 e numerotată 29. Legătura: coperţi din carton învelite în piele Însemnări: fila de gardă 1 v: Această carte iaste; Daniile Ghiaja Anul 1819 Dechemvrie în 5; Am găsit într-o carte adecă cazanie tipărită la Govora la anul 1642 şi am însemnat oarecine pe o blană a cărţii că la anul 1703 au întrat în postul Crăciunului au fugit curuţii în Maramurăş; foaia de gardă 2: Această carte iaste alui Ion [...] din [...]; Scris-am eu [...]; Cetind şi eu Ioan Drăghici Sighiş pe aceasta, mult mai [...] 1820 Martie 17; Atsaszte carte pre cum tuturor asa si mie sau dat rodul szeu. Domhul sze treiasca pre stejarul atsestii / în kipul gredini împodobite cu Flori / Kertzi quare mau oprit intrarea şi foloszirea tuturor quare au avut iubire de dânsa; Sa donat museului naţional român de biserica gr. or. Română din Sighisore în Martie 1906. I. Munteanu, paroch: fila 3 v: cu numită [...] sănătate; foaia de gardă 1 v de la sfârşitul cărţii: Această carte iaste a mea Pop Ilie Medrea; Am scris şi eu Popa Iacov din Lepindu; foaia de gardă 2 de la sfârşitul cărţii: Cu fiiască plecăciune mă închin şi sărut cinstita mâna dumitale tată (?) şi a dumitale mamă (?). Prea plecata scrisoare[a] noastră aceasta ce vam trimis dumneavoastră nu este de altceva fără cît cercetez [...] sănătatea dumneavoastră ca să aflu de sînteţi sănătoşi să ne bucurăm foarte mulţumindu milostivului Dumnezeu dintru al căruia dar scris-am eu [...] Popov(?); cel înţelept că prea [...]; carte este alui [...]; fila de gardă 2: Această carte este alui Gheorghe Cărciumaru [...]; adecă mii=22 sute 22 patru lei; Să să ştie cînd eram eu la Bucureşti la meşteşugul cojocării(?) [...] era leat 1813(?) cînd am eşit(?) şi eram la jupăn Ionică Cojocariul [...] şam însemnat ca să să ştie Gheorghe [...]; Cuvintele sfinttului [...] Studitul foarte de folos sufletelor creştineşti [...] vor asculta [...] poruncite [...] erei Gheorghe; [...] am dat jupîn la Sft Ghiorghi [...] sărindariu. Observaţii: ştampilă dreptunghiulară cu textul Biblioteca „Astrei” (Asociaţiunea pentru lit. rom. şi cultura poporului român). Centrala Sibiu pe foaia de gardă.</subfield>
    </datafield>
    <datafield tag="650" ind1=" " ind2=" ">
      <subfield code="a">teologie</subfield>
    </datafield>
    <datafield tag="650" ind1=" " ind2=" ">
      <subfield code="a">carte românească veche</subfield>
    </datafield>
    <datafield tag="650" ind1=" " ind2=" ">
      <subfield code="a">predici</subfield>
    </datafield>
    <datafield tag="995" ind1=" " ind2=" ">
      <subfield code="a">Colecţii Speciale - BRV</subfield>
      <subfield code="D">0.01</subfield>
      <subfield code="e">BRV022</subfield>
      <subfield code="F">Sediul_Central_A</subfield>
      <subfield code="j">481 BRV</subfield>
      <subfield code="U">Available</subfield>
      <subfield code="W">Dec 19, 2019</subfield>
      <subfield code="y">BRV022</subfield>
      <subfield code="Z">Împrumut la Sala</subfield>
    </datafield>
  </record>