
  <record>
    <leader>00000nam a2200000 a 4500</leader>
    <controlfield tag="001">BJSB449012</controlfield>
    <controlfield tag="008">191218s1784####|||||||||||||||||#||####u</controlfield>
    <datafield tag="050" ind1=" " ind2=" ">
      <subfield code="a">094.1(498); 264-15</subfield>
    </datafield>
    <datafield tag="245" ind1="0" ind2="0">
      <subfield code="a">Euhologhion adecă Molitvenic care cuprinde în sine rânduiala besearecii răsăritului, ce să cuvine preoţilor a sluji la toată treaba norodului supt prea fericita înpărăţie a Prenălţatului Înpărat al Romanilor, Marele Prinţip Ardealului, şi cell: Iosif al doile. Cu voia celor maimari. Tipărit acum adoa oară întracesta chip în Blaj la anii dela Hs 1784. Cu tipariul Seminariului.</subfield>
      <subfield code="h">[Carte tipărită]</subfield>
    </datafield>
    <datafield tag="250" ind1=" " ind2=" ">
      <subfield code="a">Ed. a 2-a</subfield>
    </datafield>
    <datafield tag="260" ind1=" " ind2=" ">
      <subfield code="a">Blaj</subfield>
      <subfield code="b">Tiparul Seminarului</subfield>
      <subfield code="c">1784</subfield>
    </datafield>
    <datafield tag="300" ind1=" " ind2=" ">
      <subfield code="a">[3] f.; p. 1-34; 39-110; 113-162; 167-262; 279-282; 285-607; [2] f. ; 20 cm</subfield>
    </datafield>
    <datafield tag="500" ind1=" " ind2=" ">
      <subfield code="a">Greşeli de paginaţie: p. 590 e numerotată 591. Legătura: coperţi din lemn; lemnul a fost dezvelit de piele; se mai păstrează urmele cheotorilor. Însemnări: fila 2 v: Această Sfântă carte [...]; fila 3: o am cumpă; p. 1: rat Mocanu (?) [...]; p. 3: pomană în mâna [...]; p. 5: popa Ion; p. 7: sămânţa lui 1804; p. 191: Gliguţă Vasile din [...]; p. 191: Gliguţă Vasile din; Gliguţ Vasile; p. 201: Gliguţ (?) Vasile. Mărie Abrundan (?). Veronica Sâncrăian; p. 289: [...]; p. 293: [...] apoi necazurile mele ceale rele sau [...] inima mea [...] Stoicescu [...] ; p. 302: randuiala îngropării; p. 589: Paraclisul Prea. Observaţii: pe multe file numeroase pete de ceară; p. 111-112 (?) păstrate fragmentar; fila de gardă de la sfârşitul cărţii, ştampilă cu textul: Anticariat Sibiu Lei 750.</subfield>
    </datafield>
    <datafield tag="650" ind1=" " ind2=" ">
      <subfield code="a">teologie</subfield>
    </datafield>
    <datafield tag="650" ind1=" " ind2=" ">
      <subfield code="a">carte românească veche</subfield>
    </datafield>
    <datafield tag="650" ind1=" " ind2=" ">
      <subfield code="a">molitvenic</subfield>
    </datafield>
    <datafield tag="650" ind1=" " ind2=" ">
      <subfield code="a">cărţi liturgice</subfield>
    </datafield>
    <datafield tag="995" ind1=" " ind2=" ">
      <subfield code="a">Colecţii Speciale - BRV</subfield>
      <subfield code="D">0.01</subfield>
      <subfield code="e">BRV247</subfield>
      <subfield code="F">Sediul_Central_A</subfield>
      <subfield code="j">475 BRV</subfield>
      <subfield code="U">Available</subfield>
      <subfield code="W">Dec 18, 2019</subfield>
      <subfield code="y">BRV247</subfield>
      <subfield code="Z">Împrumut la Sala</subfield>
    </datafield>
  </record>