
  <record>
    <leader>00000nam a2200000 a 4500</leader>
    <controlfield tag="001">BJSB449010</controlfield>
    <controlfield tag="008">191218s1784####|||||||||||||||||#||####u</controlfield>
    <datafield tag="050" ind1=" " ind2=" ">
      <subfield code="a">094.1(498); 264-15; 226</subfield>
    </datafield>
    <datafield tag="245" ind1="0" ind2="0">
      <subfield code="a">Sfânta şi Dumnezeiasca Evanghelie acuma al doilea tipărită, întru întâia domnie a Prea luminatului şi Prea înălţatului Domn Io Mihail Constandin Suţul Voevod cu blagoslovenia, şi chieltuiala Prea Sfinţii sale părintelui Chir Filaret Episcopul Râmnicului. În Sfânta Episcopie a Râmnicului. La anii dela Facerea lumii: 7292 iară dela Hs 1784. De Climent ieromonah Tip. Râm. Și de Popa Râmnicean.</subfield>
      <subfield code="c">Editor Filaret, Episcopul Râmnicului; tipografi Climent, ieromonah, Popa Râmnicean</subfield>
      <subfield code="h">[Carte tipărită]</subfield>
    </datafield>
    <datafield tag="250" ind1=" " ind2=" ">
      <subfield code="a">Ed. a 2-a</subfield>
    </datafield>
    <datafield tag="260" ind1=" " ind2=" ">
      <subfield code="a">Râmnic</subfield>
      <subfield code="b">Tipografia Episcopiei Râmnicului</subfield>
      <subfield code="c">1784</subfield>
    </datafield>
    <datafield tag="300" ind1=" " ind2=" ">
      <subfield code="a">[3] f.; f. 1; f. 4-156; 159 ; 30 cm</subfield>
    </datafield>
    <datafield tag="500" ind1=" " ind2=" ">
      <subfield code="a">Greşeli de paginaţie: fila 15 este numerotată 14; fila 34 este numerotată 31. Legătură: coperţi din lemn învelite în piele; coperta 1: scena Răstignirii încadrată de un chenar cu motive geometrice şi florale; se mai păstrează urmele cheotorilor. Însemnări: fila de gardă de la începutul cărţii: Adam Popoviciu din Maidan ca administrator în Jitin in 27 Decem 887; Paun Coca din Zitin cantor din anu 1875 pene la anu 1885. 1911; Subscrisulu am administratu [...] pe după [...] în Jitin la anulu 1882; fila de gardă de la începutul cărţii v: Adam Popoviciu admi: in jitin din 1878 pana in 6 Ianuari 1882;  pe fila 37: In 20 Iulie la Utrenie; fila 41: Evanghelie la ziua [...]; fila 41 v: În 24 lui decembre se dice aceste evanghelii Liturghia Matei; fila 49: În 14 Octombre la Cuv. Paraschiva la Utrenie; fila 52: vineri a 18 [...] Evangelia în 20 Iulie la Sf. Proroc Ilie; fila 56: La Liturghia;14 Octo la Cuvioasa Paraschiva; fila 126: Caută în derept ca e scris; În 14 Octomvrie S. Cuvioasa Parascheva Patrona Romanu [...]; indicaţii tipiconale; fila 132: indescifrabil; fila 148: indicaţii tipiconale; fila 159: indicaţii tipiconale; fila de gardă de la sfârşitul cărţii: I. Evangelia la litie: Martia a 6 septam: după Rusale; II. Evang: la [...]: Elia la Utrenia din 11 septam: după Rusali mercuri fără 72. la Liturgia: cea din 18 septam: după Rusale Vineri joia 102; III. La hramul: bis: la adormirea M. Dlui, I şi se încungiară (?) sf bis: şi se dă 2 [...] dela sf: bisericilor joia; IV. Evg: La cuv: Parascheva la utrenie Sâmbăta la 17 ea septam: după Rusale joia 49 la liturgia lunia a 21 sept. După Rusale joia 56: P 110; V. Ev: la Diua imp: Sambata 13 a după Rusale joia/80/41/ caută; Evanghelia la ziua Înpăratului 31 ianuar. Caută luni în Sfânta şi marea săptămână; Evanghelie la ziua Înpăratului care să săvârsaşte în [...] caută în sâmbăta a 13 săptămână după Rusale /  [...] 41 / Dela Matei cap. 22 C 90; Evanghelia la neploere adecă [...] să cauţi [...] la Evang. A 18 sămbătă [...] apoi la a 8 [...] marţi a 3 a [...] Evangh [...]; Evg la neploaie caută luni a 8 a sapt. După Rusale pag 32; Marţi 56; Adam Popoviciu.  Observaţii: numeroase pete de ceară pe mai multe file; coperta 3, ştampilă cu textul: Anticariat Sibiu Lei 1250.</subfield>
    </datafield>
    <datafield tag="650" ind1=" " ind2=" ">
      <subfield code="a">teologie</subfield>
    </datafield>
    <datafield tag="650" ind1=" " ind2=" ">
      <subfield code="a">carte românească veche</subfield>
    </datafield>
    <datafield tag="650" ind1=" " ind2=" ">
      <subfield code="a">evanghelie</subfield>
    </datafield>
    <datafield tag="650" ind1=" " ind2=" ">
      <subfield code="a">cărţi liturgice</subfield>
    </datafield>
    <datafield tag="995" ind1=" " ind2=" ">
      <subfield code="a">Colecţii Speciale - BRV</subfield>
      <subfield code="D">0.01</subfield>
      <subfield code="e">BRV407</subfield>
      <subfield code="F">Sediul_Central_A</subfield>
      <subfield code="j">474 BRV</subfield>
      <subfield code="U">Available</subfield>
      <subfield code="W">Dec 18, 2019</subfield>
      <subfield code="y">BRV407</subfield>
      <subfield code="Z">Împrumut la Sala</subfield>
    </datafield>
  </record>