
  <record>
    <leader>00000nam a2200000 a 4500</leader>
    <controlfield tag="001">BJSB449009</controlfield>
    <controlfield tag="008">191218s1783####|||||||||||||||||#||####u</controlfield>
    <datafield tag="050" ind1=" " ind2=" ">
      <subfield code="a">094.1(498); 264-15</subfield>
    </datafield>
    <datafield tag="245" ind1="0" ind2="1">
      <subfield code="a">[Ceaslov, Bucureşti, 1783]</subfield>
      <subfield code="h">[Carte tipărită]</subfield>
    </datafield>
    <datafield tag="260" ind1=" " ind2=" ">
      <subfield code="a">București</subfield>
      <subfield code="b">[S.n.]</subfield>
      <subfield code="c">1783</subfield>
    </datafield>
    <datafield tag="300" ind1=" " ind2=" ">
      <subfield code="a">[4] f.; f. 77-338; 343-405 ; 15 cm</subfield>
    </datafield>
    <datafield tag="500" ind1=" " ind2=" ">
      <subfield code="a">Legătura: lipsă coperţi, se află în folie de protecţie. Însemnări: fila 139 v: Aceast; fila 140: ceasoslov (?); fila 140 v: eşte al; fila 141: popa [...]; fila 141 v: paroh ne-; fila 142: unit; fila 142 v: Tiliştii; fila 143: 1821; filele 217, 218 însemnări ilizibile; fila 283: [...] înpăratului Observaţii: cuprinsul cărţii este identic cu cel descris de Daniela Poenaru; fila 338 v gravura Izvorul Tămăduirii cu următorul text: Bucurăte ceia ce ţii pre cel ce ţine toate; potrivit Pashaliei cartea a fost tipărită în anul 1783; exemplarul este incomplet; fila 296 s-a păstrat fragmentar; ultimele 5 file păstrate fragmentar</subfield>
    </datafield>
    <datafield tag="650" ind1=" " ind2=" ">
      <subfield code="a">ceaslov</subfield>
    </datafield>
    <datafield tag="650" ind1=" " ind2=" ">
      <subfield code="a">cărţi liturgice</subfield>
    </datafield>
    <datafield tag="650" ind1=" " ind2=" ">
      <subfield code="a">teologie</subfield>
    </datafield>
    <datafield tag="650" ind1=" " ind2=" ">
      <subfield code="a">carte românească veche</subfield>
    </datafield>
    <datafield tag="995" ind1=" " ind2=" ">
      <subfield code="a">Colecţii Speciale - BRV</subfield>
      <subfield code="D">0.01</subfield>
      <subfield code="e">BRV431</subfield>
      <subfield code="F">Sediul_Central_A</subfield>
      <subfield code="j">178 IV BRV</subfield>
      <subfield code="U">Available</subfield>
      <subfield code="W">Dec 18, 2019</subfield>
      <subfield code="y">BRV431</subfield>
      <subfield code="Z">Împrumut la Sala</subfield>
    </datafield>
  </record>