
  <record>
    <leader>00000nam a2200000 a 4500</leader>
    <controlfield tag="001">BJSB449008</controlfield>
    <controlfield tag="008">191218s1783####|||||||||||||||||#||####u</controlfield>
    <datafield tag="050" ind1=" " ind2=" ">
      <subfield code="a">094.1(498); 264-15; 264-13</subfield>
    </datafield>
    <datafield tag="245" ind1="0" ind2="0">
      <subfield code="a">Psaltirea Prorocului şi Înpăratului David acum întru acest chip tipărită. Întru întâia domnie, a Prea înălţatului domn Io Nicolae Constandin Caragea Voevod. Cu blagoslovenia şi toată chieltuiala Prea Sfinţiei sale iubitoriului de Dumnezeu Chir Filaret Episcopul Râm la anul dela Adam: 7291. Sau tipărit de Popa Constandin Mihai Popo vici Tip Râm.</subfield>
      <subfield code="c">Editor Filaret, Episcopul Râmnicului; tipograf Popa Constandin Mihai Popovici</subfield>
      <subfield code="h">[Carte tipărită]</subfield>
    </datafield>
    <datafield tag="260" ind1=" " ind2=" ">
      <subfield code="a">Râmnic</subfield>
      <subfield code="b">Tipografia Episcopiei Râmnicului</subfield>
      <subfield code="c">1783</subfield>
    </datafield>
    <datafield tag="300" ind1=" " ind2=" ">
      <subfield code="a">293 f.; [1] f.; 16 cm</subfield>
    </datafield>
    <datafield tag="500" ind1=" " ind2=" ">
      <subfield code="a">Legătura: coperţi din lemn legate în piele; cheotorile sunt funcţionale. Însemnări: fila 293: Psalmu ce să cetescu la vreme de pr(i)mejdie; fila nenumerotată: cănd rădică vrăjmaşi spre tine ceteşte psalmul G 19:1:11. Cănd auzi de ciumă zi psalmul 90. Cănd ai căzut în păcat zi psalmul 4 45 46 70 79. Cănd mergi la domni să te judeci cu cinevaş zi psalmul 20 75. Cănd va căde vreo frică pre tine zi psalmul 6 66 76; fila nenumerotată v: Cănd ai supărare de dracul zi psalmul 37. Cănd la închisoare la robie zi psalmul 69. Cănd vor fi trăsnite fulgere şi grindine zi psalmul 84. Cănd de vei merge la război zi psalmul 26. Cănd vei începe la păină noao sau la vin sau la orice fel de poame zi psalmul 33; fila de gardă v: Această carte iaste alui [...]; Această carte [...]. Observaţii: pe fila nenumerotată avem textul: Tipăritusau această Sfântă şi Dumnezeiască Psaltire prin osteneala diortosirii smeritului între ierodiaconi Grigorie Râmniceanul.</subfield>
    </datafield>
    <datafield tag="650" ind1=" " ind2=" ">
      <subfield code="a">cărţi liturgice</subfield>
    </datafield>
    <datafield tag="650" ind1=" " ind2=" ">
      <subfield code="a">psaltire</subfield>
    </datafield>
    <datafield tag="650" ind1=" " ind2=" ">
      <subfield code="a">carte românească veche</subfield>
    </datafield>
    <datafield tag="650" ind1=" " ind2=" ">
      <subfield code="a">teologie</subfield>
    </datafield>
    <datafield tag="995" ind1=" " ind2=" ">
      <subfield code="a">Colecţii Speciale - BRV</subfield>
      <subfield code="D">0.01</subfield>
      <subfield code="e">BRV071</subfield>
      <subfield code="F">Sediul_Central_A</subfield>
      <subfield code="j">180 IV BRV</subfield>
      <subfield code="U">Available</subfield>
      <subfield code="W">Dec 18, 2019</subfield>
      <subfield code="y">BRV071</subfield>
      <subfield code="Z">Împrumut la Sala</subfield>
    </datafield>
  </record>