
  <record>
    <leader>00000nam a2200000 a 4500</leader>
    <controlfield tag="001">BJSB448995</controlfield>
    <controlfield tag="008">191218s1782####|||||||||||||||||#||####u</controlfield>
    <datafield tag="050" ind1=" " ind2=" ">
      <subfield code="a">094.1(498); 264-15; 264-13</subfield>
    </datafield>
    <datafield tag="245" ind1="0" ind2="1">
      <subfield code="a">[Psaltirea Prorocului şi Înpăratului David. Cu tropare şi cu matce la toate catismele: şi cu cântările lui Moisi: cu psalmii aleşi. Și cu pripealele lor. Cu pashalie: şi cu al doilea Paraclis al Precistii: şi cu puţine învăţături spre folosul creştinilor: cu blagoslovenia Prea osfinţitului Mitropolit al Moldaviei, Chiriu Chir Gavril întru a sfinţii sale tipografie în Sfânta Mitropolie în Iaşi. În zilele Luminatului şi Prea înălţatului domnului nostru Constantin Dimitrie Moruz Voevod...]</subfield>
      <subfield code="c">Editor Gavril, Mitropolitul Moldovei; tipograf Popa Mihail Strilbițchi</subfield>
      <subfield code="h">[Carte tipărită]</subfield>
    </datafield>
    <datafield tag="260" ind1=" " ind2=" ">
      <subfield code="a">Iași</subfield>
      <subfield code="b">Tipografia Sfintei Mitropolii</subfield>
      <subfield code="c">1782</subfield>
    </datafield>
    <datafield tag="300" ind1=" " ind2=" ">
      <subfield code="a">f. 13-151 ; 21 cm</subfield>
    </datafield>
    <datafield tag="500" ind1=" " ind2=" ">
      <subfield code="a">Legătură: coperţi recente din carton îmbrăcat în stofă. Însemnări: fila 31 însemnări ilizibile; fila 126 v: să ştiţi că [...] Observaţii: fila de titlu a fost reprodusă din Bibliografia Românească Veche, vol. II, p. 277; coperta 3, ştampilă cu textul: Anticariat Sibiu Lei 625.</subfield>
    </datafield>
    <datafield tag="650" ind1=" " ind2=" ">
      <subfield code="a">psaltire</subfield>
    </datafield>
    <datafield tag="650" ind1=" " ind2=" ">
      <subfield code="a">cărţi liturgice</subfield>
    </datafield>
    <datafield tag="650" ind1=" " ind2=" ">
      <subfield code="a">teologie</subfield>
    </datafield>
    <datafield tag="650" ind1=" " ind2=" ">
      <subfield code="a">carte românească veche</subfield>
    </datafield>
    <datafield tag="995" ind1=" " ind2=" ">
      <subfield code="a">Colecţii Speciale - BRV</subfield>
      <subfield code="D">0.01</subfield>
      <subfield code="e">BRV328</subfield>
      <subfield code="F">Sediul_Central_A</subfield>
      <subfield code="j">455 BRV</subfield>
      <subfield code="U">Available</subfield>
      <subfield code="W">Dec 18, 2019</subfield>
      <subfield code="y">BRV328</subfield>
      <subfield code="Z">Împrumut la Sala</subfield>
    </datafield>
  </record>