
  <record>
    <leader>00000nam a2200000 a 4500</leader>
    <controlfield tag="001">BJSB448994</controlfield>
    <controlfield tag="008">191218s1782####|||||||||||||||||#||####u</controlfield>
    <datafield tag="050" ind1=" " ind2=" ">
      <subfield code="a">094.1(498); 264-15</subfield>
    </datafield>
    <datafield tag="245" ind1="0" ind2="0">
      <subfield code="a">Molitvenic acum întru acesta chip sau tipărit, întru întâia domnie a Prea luminatului domn. Io Nicolae Constantin Caragea Voevod. Cu blagoslovenia, şi cu toată chieltuiala Prea Sfinţii sale părintelui iubitoriului de Dumnezeu Chiriu Chir Filaret Episcopul Râmnicului. În Sfânta Episcopie a Râmnicului. La anii dela zidirea lumii 7290 iară dela Hs: 1782. Sau tipărit de smeritul între ieromonahi Climent ieromonahul tip: şi de Popa Constandin Tipograful Râmnicului.</subfield>
      <subfield code="c">Editor Filaret, Episcopul Râmnicului; tipografi Popa Constandin, Climent, ieromonah</subfield>
      <subfield code="h">[Carte tipărită]</subfield>
    </datafield>
    <datafield tag="260" ind1=" " ind2=" ">
      <subfield code="a">Râmnic</subfield>
      <subfield code="b">Tipografia Episcopiei Râmnicului</subfield>
      <subfield code="c">1782</subfield>
    </datafield>
    <datafield tag="300" ind1=" " ind2=" ">
      <subfield code="a">[4] f.; 360 f. ; 22 cm</subfield>
    </datafield>
    <datafield tag="500" ind1=" " ind2=" ">
      <subfield code="a">Greşeli de paginaţie: fila 152 e numerotată 150 Legătura: coperţi din lemn învelite în piele; coperta 1: scena Răstignirii este încadrată de un chenar cu motive florale şi geometrice; la colţuri ferecătură de metal; se mai păstrează urmele cheotorilor. Însemnări: coperta 2 şi coperta 3, încercări de condei; fila 47: Irmosele să afla în ciaslov în canonu Apostolilor; fila 54: Iulie 20. Observaţii: coperta 3, ştampilă cu textul: Anticariat Sibiu Lei 750.</subfield>
    </datafield>
    <datafield tag="650" ind1=" " ind2=" ">
      <subfield code="a">cărţi liturgice</subfield>
    </datafield>
    <datafield tag="650" ind1=" " ind2=" ">
      <subfield code="a">teologie</subfield>
    </datafield>
    <datafield tag="650" ind1=" " ind2=" ">
      <subfield code="a">molitvenic</subfield>
    </datafield>
    <datafield tag="650" ind1=" " ind2=" ">
      <subfield code="a">carte românească veche</subfield>
    </datafield>
    <datafield tag="856" ind1=" " ind2=" ">
      <subfield code="u">http://www.dspace.bjastrasibiu.ro/bitstream/123456789/10690/1/BJA_CS_000439_BRV_0001-0732.pdf</subfield>
    </datafield>
    <datafield tag="995" ind1=" " ind2=" ">
      <subfield code="a">Colecţii Speciale - BRV</subfield>
      <subfield code="D">0.01</subfield>
      <subfield code="e">BRV439</subfield>
      <subfield code="F">Sediul_Central_A</subfield>
      <subfield code="j">453 BRV</subfield>
      <subfield code="U">Available</subfield>
      <subfield code="W">Dec 18, 2019</subfield>
      <subfield code="y">BRV439</subfield>
      <subfield code="Z">Împrumut la Sala</subfield>
    </datafield>
  </record>