
  <record>
    <leader>00000nam a2200000 a 4500</leader>
    <controlfield tag="001">BJSB448992</controlfield>
    <controlfield tag="008">191218s1780####|||||||||||||||||#||####u</controlfield>
    <datafield tag="050" ind1=" " ind2=" ">
      <subfield code="a">094.1(498); 264-15</subfield>
    </datafield>
    <datafield tag="245" ind1="0" ind2="0">
      <subfield code="a">[Dumnezeeştile şi Sfintele Liturghii acelora dintru sfinţi părinţilor noştri, a lui Ioann Zlatoust: a lui Vasilie cel Mare: şi a prejdesştenii. Acuma sau tipărit întru întâia domnie a Prea luminatului Domnului nostru Io Alexandru Ioan Psilant Voevod cu blagoslovenia şi cu toată cheltuiala a Prea Sfinţitului Mitropolit, al Ungrovlahiei Chiriu Chir Grigorie şi sau tipărit în Sfânta Mitropolie a Bucureştilor la anul mântuirii 1780 de Stanciul Tip. Buc.]</subfield>
      <subfield code="c">Editor Grigorie Mitropolitul Ungrovlahiei</subfield>
      <subfield code="h">[Carte tipărită]</subfield>
    </datafield>
    <datafield tag="260" ind1=" " ind2=" ">
      <subfield code="a">București</subfield>
      <subfield code="b">Tipografia Sfintei Mitropolii</subfield>
      <subfield code="c">1780</subfield>
    </datafield>
    <datafield tag="300" ind1=" " ind2=" ">
      <subfield code="a">[1] f.; 271 p. ; 20 cm</subfield>
    </datafield>
    <datafield tag="500" ind1=" " ind2=" ">
      <subfield code="a">Greşeli de paginaţie: p. 16 nu este numerotată; p. 22 e numerotată 23; p. 23 e numerotată 21; p. 52 e numerotată 50; p. 53 e numerotată 52; p. 70 e numerotată 69; p. 81 e numerotată 80; p. 82 e numerotată 81; p. 83 e nenumerotată; p. 84 e numerotată 82; p. 85 e numerotată 83; p. 86 e numerotată 85; p. 87 e numerotată 86; p. 88 e numerotată 86 (numerotarea continuă greşit); p. 95 e numerotată 90; p. 143 e numerotată 144; p. 156 e numerotată 155; p. 186 e numerotată 169; p. 187 e numerotată 188; p. 205 e numerotată 204. Legătură: coperţi din lemn învelite în carton Însemnări: coperta 2: Preot [...] 1869; fila de gardă: Aciasta Sftă Liturgie e donată bisericei gr. ort. din Tilisca locul natal alu preotulu Vasilie Frâcu acuma spiritualul Institutului din natiloru / Mărcuţă / in Bucuresti. 894. prin intre venirea Ioann Iosof paroch; p. 81: şi [...] eu [...] şi [...]; p. 131: […] 1804; p. 132: Gheorghie. Gheorghie Petrovici; p. 196: tetopsa (?) ltzpse (?) eopse (?) tzakiopsedce (?) eldelpsce (?) ohz[…] […] 1804 t kltopaefdi (?); p. 266: şi eu bunul [...]; p. 268: scris ilizibil; p. 270: scris ilizibil; p. 271: scris ilizibil; coperta 3: loculu seu natal. Observaţii: coperta 3 ştampilă cu textul: Anticariat Sibiu Lei 1250; 119/2 I 1980.</subfield>
    </datafield>
    <datafield tag="650" ind1=" " ind2=" ">
      <subfield code="a">liturghie</subfield>
    </datafield>
    <datafield tag="650" ind1=" " ind2=" ">
      <subfield code="a">cărţi liturgice</subfield>
    </datafield>
    <datafield tag="650" ind1=" " ind2=" ">
      <subfield code="a">teologie</subfield>
    </datafield>
    <datafield tag="650" ind1=" " ind2=" ">
      <subfield code="a">carte românească veche</subfield>
    </datafield>
    <datafield tag="995" ind1=" " ind2=" ">
      <subfield code="a">Colecţii Speciale - BRV</subfield>
      <subfield code="D">0.01</subfield>
      <subfield code="e">BRV468</subfield>
      <subfield code="F">Sediul_Central_A</subfield>
      <subfield code="j">432 BRV</subfield>
      <subfield code="U">Available</subfield>
      <subfield code="W">Dec 18, 2019</subfield>
      <subfield code="y">BRV468</subfield>
      <subfield code="Z">Împrumut la Sala</subfield>
    </datafield>
  </record>