
  <record>
    <leader>00000nam a2200000 a 4500</leader>
    <controlfield tag="001">BJSB448989</controlfield>
    <controlfield tag="008">191218s1778####|||||||||||||||||#||####u</controlfield>
    <datafield tag="050" ind1=" " ind2=" ">
      <subfield code="a">094.1(498); 264-15</subfield>
    </datafield>
    <datafield tag="245" ind1="0" ind2="1">
      <subfield code="a">[Ceasoslov acum a cincea oară tipărit. Cu blagoslovenia Exţelenţii sale Prea luminatului şi Prea osfinţitului Domn Domnului Mitropolit G: Grigorie Maer Vlădicul Făgăraşului, şi a toată Țara Ardealului a Prea Înălţatei Cesaro Crăeştii Măriri sveatnic din lăuntru. În Sfânta Mitropolie în Blaj. Anul dela mântuirea lumii 1778.]</subfield>
      <subfield code="c">Editor G. Grigorie Maer</subfield>
      <subfield code="h">[Carte tipărită]</subfield>
    </datafield>
    <datafield tag="250" ind1=" " ind2=" ">
      <subfield code="a">Ed. a 5-a</subfield>
    </datafield>
    <datafield tag="260" ind1=" " ind2=" ">
      <subfield code="a">Blaj</subfield>
      <subfield code="b">Tipografia Mânăstirii Bunei Vestiri</subfield>
      <subfield code="c">1778</subfield>
    </datafield>
    <datafield tag="300" ind1=" " ind2=" ">
      <subfield code="a">p. 5-32; 35-106; 109-168; 171-210; 213-224; 227-250; 253-370; 373-493; 495-556; 559-560; 565-586 ; 17 cm</subfield>
    </datafield>
    <datafield tag="500" ind1=" " ind2=" ">
      <subfield code="a">Legătura: coperţi din lemn legate în piele; se mai păstrează urmele cheotorilor. Însemnări: p. 46: Inscribito; p. 47 [...]; p. 50: 29 a Novemb; p. 52 1845; p. 518: Au betutu patra 16 zile. Observaţii: pete de ceară pe mai multe file; coperta 3, ştampilă cu următorul text: Anticarit Sibiu 875 lei; fila de titlu a fost reprodusă din Bibliografia Românească Veche, vol. II, p. 225-226.</subfield>
    </datafield>
    <datafield tag="650" ind1=" " ind2=" ">
      <subfield code="a">cărţi liturgice</subfield>
    </datafield>
    <datafield tag="650" ind1=" " ind2=" ">
      <subfield code="a">ceaslov</subfield>
    </datafield>
    <datafield tag="650" ind1=" " ind2=" ">
      <subfield code="a">carte românească veche</subfield>
    </datafield>
    <datafield tag="650" ind1=" " ind2=" ">
      <subfield code="a">teologie</subfield>
    </datafield>
    <datafield tag="995" ind1=" " ind2=" ">
      <subfield code="a">Colecţii Speciale - BRV</subfield>
      <subfield code="D">0.01</subfield>
      <subfield code="e">BRV501</subfield>
      <subfield code="F">Sediul_Central_A</subfield>
      <subfield code="j">413 BRV</subfield>
      <subfield code="U">Available</subfield>
      <subfield code="W">Dec 18, 2019</subfield>
      <subfield code="y">BRV501</subfield>
      <subfield code="Z">Împrumut la Sala</subfield>
    </datafield>
  </record>