
  <record>
    <leader>00000nam a2200000 a 4500</leader>
    <controlfield tag="001">BJSB448984</controlfield>
    <controlfield tag="008">191218s1777####|||||||||||||||||#||####u</controlfield>
    <datafield tag="050" ind1=" " ind2=" ">
      <subfield code="a">094.1(498); 94(498.1); 94(498.3)</subfield>
    </datafield>
    <datafield tag="100" ind1=" " ind2=" ">
      <subfield code="a">Carra, Jean Louis</subfield>
    </datafield>
    <datafield tag="245" ind1="1" ind2="0">
      <subfield code="a">Histoire de la Moldavie et de la Valachie avec une dissertation sur l'état actuel de ces deux provinces. Par M. C. ... qui a séjourné dans ces provinces. Plus je vis d'étrangers, plus j'aimai ma patrie. a Jassy. Aux dépens de la Société Typographique des Deux-Ponts. M. DCC. LXXVII.</subfield>
      <subfield code="c">Jean Louis Carra</subfield>
      <subfield code="h">[Carte tipărită]</subfield>
    </datafield>
    <datafield tag="260" ind1=" " ind2=" ">
      <subfield code="a">Iași</subfield>
      <subfield code="c">1777</subfield>
    </datafield>
    <datafield tag="300" ind1=" " ind2=" ">
      <subfield code="a">XXXII p.; 224 p. ; 16 cm</subfield>
    </datafield>
    <datafield tag="500" ind1=" " ind2=" ">
      <subfield code="a">Greşeli de numerotare: p. 172 e numerotată 712 Observaţii: ştampilă ovală cu textul Biblioteca Centrală a Asociaţiunii Sibiu pe p. 3, 101, 223; ştampilă dreptunghiulară cu textul Biblioteca „Astrei” (Asociaţiunea pentru lit. rom. şi cultura poporului român). Centrala Sibiu. Nr. 33363 pe p. 3; ştampilă ovală cu textul: Biblioteca Academie Române.</subfield>
    </datafield>
    <datafield tag="650" ind1=" " ind2=" ">
      <subfield code="a">istoria Moldovei</subfield>
    </datafield>
    <datafield tag="650" ind1=" " ind2=" ">
      <subfield code="a">istoria Ţării Româneşti</subfield>
    </datafield>
    <datafield tag="650" ind1=" " ind2=" ">
      <subfield code="a">carte românească veche</subfield>
    </datafield>
    <datafield tag="650" ind1=" " ind2=" ">
      <subfield code="a">istorie</subfield>
    </datafield>
    <datafield tag="995" ind1=" " ind2=" ">
      <subfield code="a">Colecţii Speciale - BRV</subfield>
      <subfield code="D">0.01</subfield>
      <subfield code="e">BRV069</subfield>
      <subfield code="F">Sediul_Central_A</subfield>
      <subfield code="j">411 BRV</subfield>
      <subfield code="U">Available</subfield>
      <subfield code="W">Dec 18, 2019</subfield>
      <subfield code="y">BRV069</subfield>
      <subfield code="Z">Împrumut la Sala</subfield>
    </datafield>
  </record>