
  <record>
    <leader>00000nam a2200000 a 4500</leader>
    <controlfield tag="001">BJSB448967</controlfield>
    <controlfield tag="008">191218s1777####|||||||||||||||||#||####u</controlfield>
    <datafield tag="050" ind1=" " ind2=" ">
      <subfield code="a">094.1(498); 264-15</subfield>
    </datafield>
    <datafield tag="245" ind1="0" ind2="0">
      <subfield code="a">Catavasiariu acum a treia oară tipărit cu blagoslovenia Exţelenţii sale Prea luminatului şi Prea osfinţitului Domn Domnului Mitropolit G. Grigorie Maer vlădica Făgăraşului, şi a toată Țara Ardealului a Prea Înălţatei Cesaro Crăeştii Măriri sveatnic din lăuntru. În Sfânta Mitropolie în Blaj. Anul dela mântuirea lumii 1777. De Petru Popo vici Rim. Tipograful.</subfield>
      <subfield code="c">Editor G. Grigorie Maer; tipograf Petru Popovici Râmniceanul</subfield>
      <subfield code="h">[Carte tipărită]</subfield>
    </datafield>
    <datafield tag="250" ind1=" " ind2=" ">
      <subfield code="a">Ed. a 3-a</subfield>
    </datafield>
    <datafield tag="260" ind1=" " ind2=" ">
      <subfield code="a">Blaj</subfield>
      <subfield code="b">Tipografia Mânăstirii Bunei Vestiri</subfield>
      <subfield code="c">1777</subfield>
    </datafield>
    <datafield tag="300" ind1=" " ind2=" ">
      <subfield code="a">[3] f.; p. 1-160; 163-463 ; 16 cm</subfield>
    </datafield>
    <datafield tag="500" ind1=" " ind2=" ">
      <subfield code="a">Greşeli de paginaţie: p. 342 e numerotată 332; p. 343 e numerotată 333 Legătura: coperţi din lemn învelite în piele Însemnări: coperta 2: o serie de socoteli; fila 3 nenumerotată v: încercări de condei şi anul 1873; p. 463 v: Acest catavasiari lam cumpărat pe sama sfintei lui Dumnezeu biserici, roaba lui Dumnezeu Marta Anuţoae Măriuţă cu ficiorul ei Ion pentru sufletul a unei fete a ei, anume Ana, Dat bisericii din satul Sălcioa din sus şi cine lar instrăina să fie afurisit. Cum[p]ărat cu 3 (?) mărieşi. Am scris eu popa Nicolae [...] în anul 1789 aprilie, 9 zile; fila de gardă de la sfârşitul cărţii: Victor Popuca (?) Din Valea Largă. 1915 XII/25 Colector în Sălciua de sus; o serie de socoteli; fila de gardă de la sfârşitul cărţii v: În martie va ploa; Ioan Onea. Sălciua de sus VII/8 936; coperta 3: 1873. Carasalu Ionu; încercări de condei. Observaţii: coperta 3 ştampilă cu textul: Anticariat Sibiu 1000 lei.</subfield>
    </datafield>
    <datafield tag="650" ind1=" " ind2=" ">
      <subfield code="a">carte românească veche</subfield>
    </datafield>
    <datafield tag="650" ind1=" " ind2=" ">
      <subfield code="a">teologie</subfield>
    </datafield>
    <datafield tag="650" ind1=" " ind2=" ">
      <subfield code="a">cărţi liturgice</subfield>
    </datafield>
    <datafield tag="650" ind1=" " ind2=" ">
      <subfield code="a">catavasier</subfield>
    </datafield>
    <datafield tag="995" ind1=" " ind2=" ">
      <subfield code="a">Colecţii Speciale - BRV</subfield>
      <subfield code="D">0.01</subfield>
      <subfield code="e">BRV411</subfield>
      <subfield code="F">Sediul_Central_A</subfield>
      <subfield code="j">404 BRV</subfield>
      <subfield code="U">Available</subfield>
      <subfield code="W">Dec 18, 2019</subfield>
      <subfield code="y">BRV411</subfield>
      <subfield code="Z">Împrumut la Sala</subfield>
    </datafield>
  </record>