
  <record>
    <leader>00000nam a2200000 a 4500</leader>
    <controlfield tag="001">BJSB448966</controlfield>
    <controlfield tag="008">191218s1776####|||||||||||||||||#||####u</controlfield>
    <datafield tag="050" ind1=" " ind2=" ">
      <subfield code="a">094.1(498); 264-15; 226</subfield>
    </datafield>
    <datafield tag="245" ind1="0" ind2="0">
      <subfield code="a">Sfânta şi Dumnezeiasca a lui Is Hs Evanghelie acum a doao oară tipărită, supt stăpânirea Prea Înălţatei Înpărătesei Râmleanilor, Prinţipesei Ardealului. Iproci iproci Mariei Teresii. Cu blagoslovenia Exţelenţii sale Prea luminatului, şi Prea osfinţitului, Domnului Domn G. Grigorie Maer Vlădicul Făgăraşului, şi al prea Înnălţatei Cesaro Crăeştii, şi Apostoliceştii măriri sfetnic din lăuntru. Iproci iproci. În Tipografia M: Bunei Vestiri: în Blaj. Anii dela Hs 1776.</subfield>
      <subfield code="c">Editor G. Grigorie Maer</subfield>
      <subfield code="h">[Carte tipărită]</subfield>
    </datafield>
    <datafield tag="250" ind1=" " ind2=" ">
      <subfield code="a">Ed. a 2-a</subfield>
    </datafield>
    <datafield tag="260" ind1=" " ind2=" ">
      <subfield code="a">Blaj</subfield>
      <subfield code="b">Tipografia Mânăstirii Bunei Vestiri</subfield>
      <subfield code="c">1776</subfield>
    </datafield>
    <datafield tag="300" ind1=" " ind2=" ">
      <subfield code="a">[4] f.; 344 p. ; 32 cm</subfield>
    </datafield>
    <datafield tag="500" ind1=" " ind2=" ">
      <subfield code="a">Greşeli de paginaţie: p. 64 e numerotată 60; p. 190 e numerotată 192; p. 194 e numerotată 92; p. 195 e numerotată 193 Legătura: coperţi din lemn învelite în piele; cheotori din alamă funcţionale. Însemnări: coperta 2: Notă pentru posteritate. În 21 August 1913 a fost o ploiă mare  în urma cărui a inundat părăul ca şi în anul 1902 - si în anul 1918 aug 5 a fost ploi mare cu esundarea (?) părăului. În 14 Decembrie an 1917 la orele 2½ după amiazi  a trecut prin marginea satului dein jos Ilustrilatu Sa Dl Episcop Dl Iuliu Hossu mergând la nuşifalău şi de acolo la Gherla spre asi ocupa scaunul episcopesc. Cu acea ocasiune - animaţi despre acea de protopopul nusifalăului - am eşit întru întâmpinare cu prapori şi cu popor spre bineventere - ceea ce a [...] spre bucuria Ilustriului Episcop - fiind acesti parohia prima dein ţieara care la [...] bineventat ca episcop - şi nouă [...] ni-a fost spre bucuria că Ilustritatu Sa a fost primul Episcop care a fost în parohia nostra; p. 65, 113, 122, 197. 318: însemnări care au fost tăiate la compactarea cărţii; p. 115: [...] 9 august 1865 [...]; p. 279: Novemb; Observaţii: lipsesc p. 139-142, înlocuite de file manuscris cu carcatere latine; numeroase pete de ceară pe mai multe file; coperta 3 anexat un bilet cu o ştampilă cu următorul text: Anticariat Sibiu. Lei 625.</subfield>
    </datafield>
    <datafield tag="650" ind1=" " ind2=" ">
      <subfield code="a">teologie</subfield>
    </datafield>
    <datafield tag="650" ind1=" " ind2=" ">
      <subfield code="a">carte românească veche</subfield>
    </datafield>
    <datafield tag="650" ind1=" " ind2=" ">
      <subfield code="a">evanghelie</subfield>
    </datafield>
    <datafield tag="650" ind1=" " ind2=" ">
      <subfield code="a">cărţi liturgice</subfield>
    </datafield>
    <datafield tag="856" ind1=" " ind2=" ">
      <subfield code="u">http://www.dspace.bjastrasibiu.ro/bitstream/123456789/10345/1/BJA_CS_000336_CRV_0001-0366.pdf</subfield>
    </datafield>
    <datafield tag="995" ind1=" " ind2=" ">
      <subfield code="a">Colecţii Speciale - BRV</subfield>
      <subfield code="D">0.01</subfield>
      <subfield code="e">BRV336</subfield>
      <subfield code="F">Sediul_Central_A</subfield>
      <subfield code="j">394 BRV</subfield>
      <subfield code="U">Available</subfield>
      <subfield code="W">Dec 18, 2019</subfield>
      <subfield code="y">BRV336</subfield>
      <subfield code="Z">Împrumut la Sala</subfield>
    </datafield>
  </record>