
  <record>
    <leader>00000nam a2200000 a 4500</leader>
    <controlfield tag="001">BJSB448959</controlfield>
    <controlfield tag="008">191218s1774####|||||||||||||||||#||####u</controlfield>
    <datafield tag="050" ind1=" " ind2=" ">
      <subfield code="a">094.1(498); 238.2</subfield>
    </datafield>
    <datafield tag="110" ind1=" " ind2=" ">
      <subfield code="a">Mehesi, Abraham</subfield>
    </datafield>
    <datafield tag="245" ind1="1" ind2="0">
      <subfield code="a">Assertiones theologicae ex tractatibus de incarnatione verbi, angelis, beatitudine, et actibus humanis quas in Alma, ac regio principali Universitate Claudiopolitana anno salutis MDCCLXXIV. Mense augusto die publice propugnavit reverendus, ac eximius Dominus Abrahamus Méhesi Sacrosantae Theologiae Auditor Emeritus Graeci Ritus Unitorum Diecesis Fogarasiensis Presbyter. Claudiopoli. Typis Coll Reform. Anno 1774.</subfield>
      <subfield code="c">Abraham Mehesi</subfield>
      <subfield code="h">[Carte tipărită]</subfield>
    </datafield>
    <datafield tag="260" ind1=" " ind2=" ">
      <subfield code="a">Cluj</subfield>
      <subfield code="b">Typis Coll. Reformatorum</subfield>
      <subfield code="c">1774</subfield>
    </datafield>
    <datafield tag="300" ind1=" " ind2=" ">
      <subfield code="a">[8] f.; 18 cm</subfield>
    </datafield>
    <datafield tag="500" ind1=" " ind2=" ">
      <subfield code="a">Legătura: carton recent marmorat. Observaţii: este colligat cu Joannis Damasceni, Opera philosophica et theologica, Blaj, 1763.</subfield>
    </datafield>
    <datafield tag="650" ind1=" " ind2=" ">
      <subfield code="a">teologie</subfield>
    </datafield>
    <datafield tag="650" ind1=" " ind2=" ">
      <subfield code="a">carte românească veche</subfield>
    </datafield>
    <datafield tag="650" ind1=" " ind2=" ">
      <subfield code="a">simboluri ale credinţei</subfield>
    </datafield>
    <datafield tag="995" ind1=" " ind2=" ">
      <subfield code="a">Colecţii Speciale - Transilvanice</subfield>
      <subfield code="D">0.01</subfield>
      <subfield code="e">T0010A</subfield>
      <subfield code="F">Sediul_Central_A</subfield>
      <subfield code="j">151 T1</subfield>
      <subfield code="U">Available</subfield>
      <subfield code="W">Dec 18, 2019</subfield>
      <subfield code="y">T0010A</subfield>
      <subfield code="Z">Împrumut la Sala</subfield>
    </datafield>
  </record>