
  <record>
    <leader>00000nam a2200000 a 4500</leader>
    <controlfield tag="001">BJSB448958</controlfield>
    <controlfield tag="008">191218s1774####|||||||||||||||||#||####u</controlfield>
    <datafield tag="050" ind1=" " ind2=" ">
      <subfield code="a">094.1(498); 264-15</subfield>
    </datafield>
    <datafield tag="245" ind1="0" ind2="0">
      <subfield code="a">Octoihul ce să zice elineşti Paraclitichi acum iarăşi a doaoară tipărit în zilele preablagocestivei singurei stăpânitoarei marei doamnei noastre imperatricei Ecaterinei Alecsieviei a toată Rosia, şi a moştenului ei blagocestivului domnului Cesarevici şi Marelui Cneaz Pavel Petrovici: cu blagoslovenia şi totă cheltuiala Preasfinţitului Mitropolit al Ungrovlahiei Chir Grigorie, prin osârdia şi sârguinţa preacuvioşiei sale Chir Filaret. Arhimandritul Sfintei Mitropolii în Bucureşti: la anii dela Adam 7282...</subfield>
      <subfield code="c">Editor Grigorie, Mitropolitul Ungrovlahiei; tipograf Pop Constantin Râmniceanul</subfield>
      <subfield code="h">[Carte tipărită]</subfield>
    </datafield>
    <datafield tag="250" ind1=" " ind2=" ">
      <subfield code="a">Ed. a 2-a</subfield>
    </datafield>
    <datafield tag="260" ind1=" " ind2=" ">
      <subfield code="a">București</subfield>
      <subfield code="b">Tipografia Sfintei Mitropolii</subfield>
      <subfield code="c">1774</subfield>
    </datafield>
    <datafield tag="300" ind1=" " ind2=" ">
      <subfield code="a">[2] f.; f. 1-217; 220-367; 422-437 ; 30 cm</subfield>
    </datafield>
    <datafield tag="500" ind1=" " ind2=" ">
      <subfield code="a">Greşeli de paginaţie: fila 184 e numerotată 284; fila 218 e numerotată 221; fila 251 e numerotată 256; fila 272 e numerotată 271; fila 343 e numerotată 349; fila 344 e numerotată 345; fila 422 e numerotată 427. Legătura: coperţi din carton învelite în piele. Însemnări: coperta 2: Acest bisericesc hramu; fila 437: Aceast Sfânt Octoih iaste al Sfintei Biserici ne unite a Răşinariului. Sau scris 21 Aug: 814. Necolaie Ivanovici Normalnicesti Dascăl prins. Observaţii: fila de gardă de la sfârşitul cărţii ştampilă cu textul: Anticariat Sibiu 1250 lei.</subfield>
    </datafield>
    <datafield tag="650" ind1=" " ind2=" ">
      <subfield code="a">octoih</subfield>
    </datafield>
    <datafield tag="650" ind1=" " ind2=" ">
      <subfield code="a">cărţi liturgice</subfield>
    </datafield>
    <datafield tag="650" ind1=" " ind2=" ">
      <subfield code="a">teologie</subfield>
    </datafield>
    <datafield tag="650" ind1=" " ind2=" ">
      <subfield code="a">carte românească veche</subfield>
    </datafield>
    <datafield tag="995" ind1=" " ind2=" ">
      <subfield code="a">Colecţii Speciale - BRV</subfield>
      <subfield code="D">0.01</subfield>
      <subfield code="e">BRV459</subfield>
      <subfield code="F">Sediul_Central_A</subfield>
      <subfield code="j">388 BRV</subfield>
      <subfield code="U">Available</subfield>
      <subfield code="W">Dec 18, 2019</subfield>
      <subfield code="y">BRV459</subfield>
      <subfield code="Z">Împrumut la Sala</subfield>
    </datafield>
  </record>