
  <record>
    <leader>00000nam a2200000 a 4500</leader>
    <controlfield tag="001">BJSB448957</controlfield>
    <controlfield tag="008">191218s1773####|||||||||||||||||#||####u</controlfield>
    <datafield tag="050" ind1=" " ind2=" ">
      <subfield code="a">094.1(498); 264-15</subfield>
    </datafield>
    <datafield tag="245" ind1="0" ind2="0">
      <subfield code="a">Stratsnic care cuprinde în sine slujba sfintelor patimi, şi a Învierii Domnului Hs. Acum a doao oară tipărită. Supt stăpânirea Prea Înnălţatului Cesaro Crăiasei Mariei Teresii. Cu blagoslovenia celor mai mari în Sfânta Mitropolie a Blajului. Cu tipariul, şi cheltuialele Fundaţii Bunei Vestiri. Anii dela Hs 1773.</subfield>
      <subfield code="h">[Carte tipărită]</subfield>
    </datafield>
    <datafield tag="250" ind1=" " ind2=" ">
      <subfield code="a">Ed. a 2-a</subfield>
    </datafield>
    <datafield tag="260" ind1=" " ind2=" ">
      <subfield code="a">Blaj</subfield>
      <subfield code="b">Fundația Bunei Vestiri</subfield>
      <subfield code="c">1773</subfield>
    </datafield>
    <datafield tag="300" ind1=" " ind2=" ">
      <subfield code="a">[1] f.; 187 p. ; 32 cm</subfield>
    </datafield>
    <datafield tag="500" ind1=" " ind2=" ">
      <subfield code="a">Legătură: coperţi din lemn învelite în piele; se mai păstrează urmele cheotorilor. Însemnări: p. 2: [...] fac a [...] din [...] 1868; p. 86: În 3 April 1912 s. n. A nins toată ziua şi noaptea a îngheţat; p. 87: Szkriszah Krenian János in anul 1869 Deczember 20; p. 98: Srenian (?) Theodor Cantor Poptelec (?) 1811 [...]; p. 139: Să lăudăm; p. 175: Câţi în Cristos va-ţi botezat...; p. 187 v: Cintite Părinte popa Danilă (?) din Poptelec am rogă la mila Dom. Tale cu mă [...] mă [...]; în Simleu gazda la [...] Dabov Maj[...] Moujs. Observaţii: numeroase pete de ceară pe multe file.</subfield>
    </datafield>
    <datafield tag="650" ind1=" " ind2=" ">
      <subfield code="a">teologie</subfield>
    </datafield>
    <datafield tag="650" ind1=" " ind2=" ">
      <subfield code="a">carte românească veche</subfield>
    </datafield>
    <datafield tag="650" ind1=" " ind2=" ">
      <subfield code="a">strastnic</subfield>
    </datafield>
    <datafield tag="650" ind1=" " ind2=" ">
      <subfield code="a">cărţi liturgice</subfield>
    </datafield>
    <datafield tag="995" ind1=" " ind2=" ">
      <subfield code="a">Colecţii Speciale - BRV</subfield>
      <subfield code="D">0.01</subfield>
      <subfield code="e">BRV018</subfield>
      <subfield code="F">Sediul_Central_A</subfield>
      <subfield code="j">382 BRV</subfield>
      <subfield code="U">Available</subfield>
      <subfield code="W">Dec 18, 2019</subfield>
      <subfield code="y">BRV018</subfield>
      <subfield code="Z">Împrumut la Sala</subfield>
    </datafield>
  </record>