
  <record>
    <leader>00000nam a2200000 a 4500</leader>
    <controlfield tag="001">BJSB448952</controlfield>
    <controlfield tag="008">191218s1771####|||||||||||||||||#||####u</controlfield>
    <datafield tag="050" ind1=" " ind2=" ">
      <subfield code="a">094.1(498); 264-15</subfield>
    </datafield>
    <datafield tag="245" ind1="0" ind2="0">
      <subfield code="a">Triodion acum întâiu aşezată şi tipărită, după rânduiala Besearicii Răsăritului. Supt stăpânirea Prea Înălţatei Înpărătesei Rămlenilor Prinţesei Ardealului. Iproci Doamnei Doamnei Mariei Teresii cu blagoslovenia celor mai mari. Tipărită în Blaj în Tipografia Mânăstirii Bunei Vestiri. Anii dela Hs 1771.</subfield>
      <subfield code="h">[Carte tipărită]</subfield>
    </datafield>
    <datafield tag="250" ind1=" " ind2=" ">
      <subfield code="a">Ed. 1</subfield>
    </datafield>
    <datafield tag="260" ind1=" " ind2=" ">
      <subfield code="a">Blaj</subfield>
      <subfield code="b">Tipografia Mânăstirii Bunei Vestiri</subfield>
      <subfield code="c">1771</subfield>
    </datafield>
    <datafield tag="300" ind1=" " ind2=" ">
      <subfield code="a">[2] f.; 237 f. ; 34 cm</subfield>
    </datafield>
    <datafield tag="500" ind1=" " ind2=" ">
      <subfield code="a">Greşeli de paginaţie: fila 28 e numerotată 26; (după fila 64 se reia numerotarea de la fila 55); fila 142 este numerotată 141; fila 197 e numerotată 196; fila 202 e numerotată 200; fila 236 e numerotată 235. Legătura: coperţi din lemn legate în piele; coperta 1, în chenar format din motive geometrice încadrează scena Răstignirii; se mai păstrează urmele cheotorilor. Însemnări: fila 1 numerotată: [...] această [...]; fila 14: Ioan Domsa. Ioan Domsa; fila 19 v: 23 III 946 [...] preot; fila 59 v: Anno 1776 Demetrius; fila 66: Acest Triodion sau; fila 67: dat din mila [...]; fila 68: bisearicii unite; fila 69: din sat Pedelca var-; fila 70: meghia Bălgradului prin; fila 71: mine Iacov Aron; fila 72: annul 17 [...] 15 Aprilie; fila 76 v: Anno 1794; fila 91 v: Teodor [...] preot [...]; file 98: Demetrius 1778; fila 111 v: Marica curată Dumnezeule; fila 120: Traien preot; fila 146 v: 26 III 944 [...]; fila 147: 31 III 946 [...]; fila 159: 30/III 968 [...]; Traian preot; 15/IV 1959 [...]; 22/III 1961 [...]; fila 162: 30/III 1900 [...]; fila 162 v: 15/IV 959 [...]; fila 163: 18/III 953 [...]; 7/IV 1954 [...]; fila 163 v: 3/IV 1957 [...]; fila 165: 3/IV 1957 [...]; fila 165 v: 18/IV 1956 [...] Theodor; 2/IV 952 Theodor; 18/III 953 [...]; fila 166: 30/960 [...]; 15/1959 [...] Theodor; 11/IV 1951 T. Maier; 22/III 1961 [...]; p. 166 v: 22/III 1961 [...]; fila 167: 30/III 1960 [...]; 30/III 1955 T. Maier; 11/IV 1951 T. Maier; 15/IV 958 T. Maier; fila 170 v: 22/III 1961 [...]; fila 176: Demetrius 1777; fila 176 v: 20/IV 956 T. Maier; fila 177: 20/IV 1956 T. Maier; 24/III 1961 T. Maier. Observaţii: fila 237 e păstrată fragmentar; coperta 3, ştampilă cu textul Anticariat Sibiu Lei 750; numeroase pete de ceară pe multe file.</subfield>
    </datafield>
    <datafield tag="650" ind1=" " ind2=" ">
      <subfield code="a">carte românească veche</subfield>
    </datafield>
    <datafield tag="650" ind1=" " ind2=" ">
      <subfield code="a">teologie</subfield>
    </datafield>
    <datafield tag="650" ind1=" " ind2=" ">
      <subfield code="a">cărţi liturgice</subfield>
    </datafield>
    <datafield tag="650" ind1=" " ind2=" ">
      <subfield code="a">triod</subfield>
    </datafield>
    <datafield tag="856" ind1=" " ind2=" ">
      <subfield code="u">http://www.dspace.bjastrasibiu.ro/bitstream/123456789/10417/1/BJA_CS_000312_CRV_0001-0498.pdf</subfield>
    </datafield>
    <datafield tag="995" ind1=" " ind2=" ">
      <subfield code="a">Colecţii Speciale - BRV</subfield>
      <subfield code="D">0.01</subfield>
      <subfield code="e">BRV312</subfield>
      <subfield code="F">Sediul_Central_A</subfield>
      <subfield code="j">151 IV BRV</subfield>
      <subfield code="U">Available</subfield>
      <subfield code="W">Dec 18, 2019</subfield>
      <subfield code="y">BRV312</subfield>
      <subfield code="Z">Împrumut la Sala</subfield>
    </datafield>
  </record>