
  <record>
    <leader>00000nam a2200000 a 4500</leader>
    <controlfield tag="001">BJSB448951</controlfield>
    <controlfield tag="008">191218s1771####|||||||||||||||||#||####u</controlfield>
    <datafield tag="050" ind1=" " ind2=" ">
      <subfield code="a">094.1(498); 94(478)</subfield>
    </datafield>
    <datafield tag="100" ind1=" " ind2=" ">
      <subfield code="a">Cantemir, Dimitrie</subfield>
    </datafield>
    <datafield tag="245" ind1="1" ind2="0">
      <subfield code="a">Demetrii Kantemirs Ehemaligen Fürsten in der Moldau historisch geographisch und politische Veshreibung der Moldau, nebst dem Leben des Verfassers und einer Landcharte. Frankfurt und Leipzig. 1771</subfield>
      <subfield code="c">Dimitrie Cantemir</subfield>
      <subfield code="h">[Carte tipărită]</subfield>
    </datafield>
    <datafield tag="260" ind1=" " ind2=" ">
      <subfield code="a">Frankfurt; Leipzig</subfield>
      <subfield code="b">[S.n.]</subfield>
      <subfield code="c">1771</subfield>
    </datafield>
    <datafield tag="300" ind1=" " ind2=" ">
      <subfield code="a">[3] f.; 341 p. ; 19 cm</subfield>
    </datafield>
    <datafield tag="500" ind1=" " ind2=" ">
      <subfield code="a">Legătură: carton recent; cotorul legat în piele. Însemnări: foaia de gardă: Déméto C. Stoarza; foaia de titlu: D. Hodosiu; [...] 1784; p. 341: aduţi aminte de Demir. Observaţii: foaia de titlu ex libris cu textul: EX LIBRIS A. PAPII ILARIANI; foaia de titlu v ex libris cu textul: EX LIBRIS DEMETRII C: STURZA; ştampilă ovală cu textul Biblioteca Centrală a Asociaţiunii Sibiu pe p. 11, 17, 19, 25, 39, 73, 103, 143, 201, 237, 277, 319; ştampilă dreptunghiulară cu textul Biblioteca „Astrei” (Asociaţiunea pentru lit. rom. şi cultura poporului român). Centrala Sibiu. Nr. pe gravură.</subfield>
    </datafield>
    <datafield tag="650" ind1=" " ind2=" ">
      <subfield code="a">istoria Moldovei</subfield>
    </datafield>
    <datafield tag="650" ind1=" " ind2=" ">
      <subfield code="a">carte românească veche</subfield>
    </datafield>
    <datafield tag="650" ind1=" " ind2=" ">
      <subfield code="a">istorie</subfield>
    </datafield>
    <datafield tag="856" ind1=" " ind2=" ">
      <subfield code="u">http://www.dspace.bjastrasibiu.ro/bitstream/123456789/10293/1/BJA_CS_000068_CRV_0001-0356.pdf</subfield>
    </datafield>
    <datafield tag="995" ind1=" " ind2=" ">
      <subfield code="a">Colecţii Speciale - BRV</subfield>
      <subfield code="D">0.01</subfield>
      <subfield code="e">BRV068</subfield>
      <subfield code="F">Sediul_Central_A</subfield>
      <subfield code="j">375 BRV</subfield>
      <subfield code="U">Available</subfield>
      <subfield code="W">Dec 18, 2019</subfield>
      <subfield code="y">BRV068</subfield>
      <subfield code="Z">Împrumut la Sala</subfield>
    </datafield>
  </record>