
  <record>
    <leader>00000nam a2200000 a 4500</leader>
    <controlfield tag="001">BJSB448948</controlfield>
    <controlfield tag="008">191218s1770####|||||||||||||||||#||####u</controlfield>
    <datafield tag="050" ind1=" " ind2=" ">
      <subfield code="a">094.1(498); 264-15</subfield>
    </datafield>
    <datafield tag="245" ind1="0" ind2="1">
      <subfield code="a">[Octoih şi slujbele sfinţilor de obşte acum a doao oară aşezată, şi tipărită după rânduiala besericii răsăritului. Supt stăpânia Prea Înălţatei Înpărătesii Rămlenilor Prinţesii Ardealului. Iproci: iproci: Doamnei Doamnei Mariei Teresii cu blagoslovenia celor mai mari tipărită în Blaj în tipografia Mânăstirii Bunei Vestiri. Anii dela Hs 1770. De Petru Papa vici Tipograful Rămniceanul.]</subfield>
      <subfield code="c">Tipograf Petru Papavici Râmniceanul</subfield>
      <subfield code="h">[Carte tipărită]</subfield>
    </datafield>
    <datafield tag="250" ind1=" " ind2=" ">
      <subfield code="a">Ed. a 2-a</subfield>
    </datafield>
    <datafield tag="260" ind1=" " ind2=" ">
      <subfield code="a">Blaj</subfield>
      <subfield code="b">Tipografia Mânăstirii Bunei Vestiri</subfield>
      <subfield code="c">1770</subfield>
    </datafield>
    <datafield tag="300" ind1=" " ind2=" ">
      <subfield code="a">f. 1-17; 9-211; 103 f. ; 22 cm</subfield>
    </datafield>
    <datafield tag="500" ind1=" " ind2=" ">
      <subfield code="a">Legătura: coperţi din lemn legate în piele, deteriorate; se mai păstrează urmele cheotorilor. Însemnări: coperta 2: Nandru la 22 martie 1943; [...] cantor ort. Rom; 26 I 1946; Nandru Rusalie 13 VI 1954. Mântueştene pre noi măgăetorule Bunul pe cu ceţi cântam tie aliluia; fila de gardă: încercări de condei; Octobar 1914; fila de gardă v: L intru sfintului L tania putem La întru puterile La după mult [...] La [...] glas de [...] se laudă ntampina sun llone la [...] sun [...] in [...] Neag de binepasu; Domnu [...]; fila 2 v: şi în [...] mari toapa [...] la ceta[...]; fila 3: Această carte este a [...] cumpurută [...]; anume ştefan ion şi [...]; fila manuscris care înlocuieşte fila 8: scrisă de [...] cantor [...];  fila manuscris care înlocuieşte fila 8 v: Nandru la 27 IV 1947 [...]; fila 23: 2 Când teci paga; fila 65: Nandru la 2 Februari 1919; fila 123 v: 27 sept. 1953 I. Marian; fila 200: Soborul îngeresc. Observaţii: fila 8 lipseşte fiind înlocuită cu o filă manuscris; fila de titlu a fost reprodusă din Bibliografia Românească Veche, vol. II, p. 194; pete de ceară pe mai multe file; caietul 19 din partea a II-a a fost legat înaintea caietului 18; caietul 22 a fost legat înaintea caietului 21; coperta 3, anexat un bilet cu textul Anticariat 438 [Lei].</subfield>
    </datafield>
    <datafield tag="650" ind1=" " ind2=" ">
      <subfield code="a">carte românească veche</subfield>
    </datafield>
    <datafield tag="650" ind1=" " ind2=" ">
      <subfield code="a">cărţi liturgice</subfield>
    </datafield>
    <datafield tag="650" ind1=" " ind2=" ">
      <subfield code="a">teologie</subfield>
    </datafield>
    <datafield tag="650" ind1=" " ind2=" ">
      <subfield code="a">octoih</subfield>
    </datafield>
    <datafield tag="856" ind1=" " ind2=" ">
      <subfield code="u">http://www.dspace.bjastrasibiu.ro/bitstream/123456789/10277/1/BJA_CS_000369_CRV_0001-0638.pdf</subfield>
    </datafield>
    <datafield tag="995" ind1=" " ind2=" ">
      <subfield code="a">Colecţii Speciale - BRV</subfield>
      <subfield code="D">0.01</subfield>
      <subfield code="e">BRV369</subfield>
      <subfield code="F">Sediul_Central_A</subfield>
      <subfield code="j">371 BRV</subfield>
      <subfield code="U">Available</subfield>
      <subfield code="W">Dec 18, 2019</subfield>
      <subfield code="y">BRV369</subfield>
      <subfield code="Z">Împrumut la Sala</subfield>
    </datafield>
  </record>