
  <record>
    <leader>00000nam a2200000 a 4500</leader>
    <controlfield tag="001">BJSB448923</controlfield>
    <controlfield tag="008">191217s1769####|||||||||||||||||#||####u</controlfield>
    <datafield tag="050" ind1=" " ind2=" ">
      <subfield code="a">094.1(498); 264-15</subfield>
    </datafield>
    <datafield tag="245" ind1="0" ind2="0">
      <subfield code="a">Catavasiariu cu multe preste tot anul trebuincioasă cântări. Acum a doao oară aşezat, şi tipărit. Supt stăpânirea Prea Înălţatei Înpărătesei Râmleanilor, Prinţesei Ardealului, iproci: Doam: Doamnei Mariei Teresiei cu blagoslovenia celor mai mari. În Tipografia Mănăstirei Bunei Vestiri: în Blaj. Anii dela Hs 1769. De Petru Papavici Tipograf Râm.</subfield>
      <subfield code="c">Tipograf Petru Papavici</subfield>
      <subfield code="h">[Carte tipărită]</subfield>
    </datafield>
    <datafield tag="250" ind1=" " ind2=" ">
      <subfield code="a">Ed. a 2-a</subfield>
    </datafield>
    <datafield tag="260" ind1=" " ind2=" ">
      <subfield code="a">Blaj</subfield>
      <subfield code="b">Tipografia Mânăstirii Bunei Vestiri</subfield>
      <subfield code="c">1769</subfield>
    </datafield>
    <datafield tag="300" ind1=" " ind2=" ">
      <subfield code="a">[3] f.; 463 p. ; 15 cm</subfield>
    </datafield>
    <datafield tag="500" ind1=" " ind2=" ">
      <subfield code="a">Greşeli de numerotare: p. 289 a fost numerotată 290; p. 394 este numerotată 393. Legătura: coperţi din carton legate în piele; ornamente florale imprimate cu foiţă de aur. Însemnări: p. 28: Au răposat în Domnul fratele nostru oprea [...] zile august 1781; p. 463: Acest Catavasieriu este al mieu Ioan Nemeş 1822 octomb. 22 Făgăraş. Observaţii: ştampilă dreptunghiulară cu următorul text: Asociaţiunea pentru Literatura Română şi Cultura Poporului Român „Astra” Sibiu. No. 2030. Anul 1943. Luna V. Ziua 31 pe p. 456; fila de gardă 2, anexat un bilet tipărit cu textul: Loi du 24 octobre 1792, L'an I. de la République. Domaines nationaux. Assignat de dix livres, payable au porteaur. [Semnătură indescifrabilă]. Série 10 1 re. La loi punit de mort le contrefacteur. La nation récompense le dénonciateur; fila de gardă 1 de la sfârșitul cărții, anexat un bilet cu textul: Zwey Guld. Zwey Gulden. Wiener – Stadt. Banco – Zettel. Welcher in allen Kontributions – Kameral – und Bankskassen der hungarisch-bömisch-und österreichischen Erblanger in allen Abgaben für baares Geld, das ist für zwey Gulden angenommen wird. Wien 1 Jänner 1800; la sfârșitul textului mai multe semnături indescifrabile.</subfield>
    </datafield>
    <datafield tag="650" ind1=" " ind2=" ">
      <subfield code="a">carte românească veche</subfield>
    </datafield>
    <datafield tag="650" ind1=" " ind2=" ">
      <subfield code="a">catavasier</subfield>
    </datafield>
    <datafield tag="650" ind1=" " ind2=" ">
      <subfield code="a">cărţi liturgice</subfield>
    </datafield>
    <datafield tag="650" ind1=" " ind2=" ">
      <subfield code="a">teologie</subfield>
    </datafield>
    <datafield tag="856" ind1=" " ind2=" ">
      <subfield code="u">http://www.dspace.bjastrasibiu.ro/bitstream/123456789/10331/1/BJA_CS_000067_CRV_0001-0480.pdf</subfield>
    </datafield>
    <datafield tag="995" ind1=" " ind2=" ">
      <subfield code="a">Colecţii Speciale - BRV</subfield>
      <subfield code="D">0.01</subfield>
      <subfield code="e">BRV067</subfield>
      <subfield code="F">Sediul_Central_A</subfield>
      <subfield code="j">364a BRV</subfield>
      <subfield code="U">Available</subfield>
      <subfield code="W">Dec 17, 2019</subfield>
      <subfield code="y">BRV067</subfield>
      <subfield code="Z">Împrumut la Sala</subfield>
    </datafield>
  </record>