
  <record>
    <leader>00000nam a2200000 a 4500</leader>
    <controlfield tag="001">BJSB448922</controlfield>
    <controlfield tag="008">191217s1768####|||||||||||||||||#||####u</controlfield>
    <datafield tag="050" ind1=" " ind2=" ">
      <subfield code="a">094.1(498); 264-15</subfield>
    </datafield>
    <datafield tag="245" ind1="0" ind2="0">
      <subfield code="a">Penticostarion acum întâiu aşezat şi tipărit, după rânduiala Besearicii Răsăritului. Supt stăpânirea Prea Înălţatei Înpărătesei Rămlenilor Prinţesei Ardealului. iproci Doamnei Doamnei Mariei Teresii cu blagoslovenia celor mai mari. Tipărită în Blaj în Tipografia Mânăstirii Bunei Vestiri. Anii dela Hs 1768. De Petru Papavici tipograf râmnicean.</subfield>
      <subfield code="h">[Carte tipărită]</subfield>
    </datafield>
    <datafield tag="250" ind1=" " ind2=" ">
      <subfield code="a">Ed. 1</subfield>
    </datafield>
    <datafield tag="260" ind1=" " ind2=" ">
      <subfield code="a">Blaj</subfield>
      <subfield code="b">Tipografia Mânăstirii Bunei Vestiri</subfield>
      <subfield code="c">1768</subfield>
    </datafield>
    <datafield tag="300" ind1=" " ind2=" ">
      <subfield code="a">[2] f.; 202 f. ; 33 cm</subfield>
    </datafield>
    <datafield tag="500" ind1=" " ind2=" ">
      <subfield code="a">  Greşeli de paginaţie: fila 12 e numerotată 11; fila 22 e numerotată 21; fila 23 e numerotată 22; fila 29 e numerotată 28; fila 37 e numerotată 35; fila 62 e numerotată 61; fila 144 e numerotată 145. Legătura: lipseşte coperta 1; coperta 2, din lemn legată în piele; se mai păstrează urmele cheotorilor. Însemnări: fila 1: Această Sfântă carte; fila 2: anume Penticostarion; fila 3: lau cumpărat acuma; fila 4: [...] Chifor [...]; fila 5 [...] fie pomană [...]; fila 5: [...] la tot neamul lor; fila 6: pe sama Sfintii Besereci; fila 8 [...] pentru [...]; fila 9: [...]; fila 10: [...] dela [...]; fila 11: [...] beserică; fila 12: [...]; fila 14: [...] Pavel Timandi (?) [...]; fila 15: 1798; fila 105: Ioan Sempetrian 1885; fila 138 v: Acum in orele s(c)olei dupa ameadi scriindu aci in 12/2 1863 in [...] anu [...]; fila 139: si Ioane [...] docente din Sonfalen Gabiil [...] si Ioan [...] Cantoru; fila 172 v: [...]; fila de gardă de la sfârşitul cărţii: Sfârşi şi lui Dnezeu laudă. Sămpetrian Ioan cantor; coperta 3: Bilegan Grigore cantor gr. cath. Neor. Observaţii: coperta 3, anexat un bilet cu textul: Anticariat Sibiu Lei 625; pete de ceară pe mai multe file.</subfield>
    </datafield>
    <datafield tag="650" ind1=" " ind2=" ">
      <subfield code="a">carte românească veche</subfield>
    </datafield>
    <datafield tag="650" ind1=" " ind2=" ">
      <subfield code="a">teologie</subfield>
    </datafield>
    <datafield tag="650" ind1=" " ind2=" ">
      <subfield code="a">cărţi liturgice</subfield>
    </datafield>
    <datafield tag="650" ind1=" " ind2=" ">
      <subfield code="a">penticostarion</subfield>
    </datafield>
    <datafield tag="995" ind1=" " ind2=" ">
      <subfield code="a">Colecţii Speciale - BRV</subfield>
      <subfield code="D">0.01</subfield>
      <subfield code="e">BRV344</subfield>
      <subfield code="F">Sediul_Central_A</subfield>
      <subfield code="j">143 IV BRV</subfield>
      <subfield code="U">Available</subfield>
      <subfield code="W">Dec 17, 2019</subfield>
      <subfield code="y">BRV344</subfield>
      <subfield code="Z">Împrumut la Sala</subfield>
    </datafield>
  </record>