
  <record>
    <leader>00000nam a2200000 a 4500</leader>
    <controlfield tag="001">BJSB448916</controlfield>
    <controlfield tag="008">191217s1768####|||||||||||||||||#||####u</controlfield>
    <datafield tag="050" ind1=" " ind2=" ">
      <subfield code="a">094.1(498); 264-15</subfield>
    </datafield>
    <datafield tag="245" ind1="0" ind2="0">
      <subfield code="a">Penticostarion ce cuprinde întru sine slujba ce isă cuvine: acum întracestaşi chip tipărită, întru întâia domnie, a Mării Sale Prea Luminatului, Prea Înălţatului, domnului nostru, şi oblăduitoriu a toată Țara Rumânească: Io Alexandru Scarlat Ghica VV cu blagoslovenia şi toată chieltuiala Preasfinţitului Mitropolit al Ungrovlahiei: Chiriu Chir Grigorie în Tipografia Sfintei Mitropolii în Bucureşti. La anii dela zidirea lumii 7276. De Popa Constandin Tipograful Răm.</subfield>
      <subfield code="c">Editor Grigorie, Mitropolitul Ungrovlahiei; tipograf Popa Costandin </subfield>
      <subfield code="h">[Carte tipărită]</subfield>
    </datafield>
    <datafield tag="260" ind1=" " ind2=" ">
      <subfield code="a">București</subfield>
      <subfield code="b">Tipografia Sfintei Mitropolii</subfield>
      <subfield code="c">1768</subfield>
    </datafield>
    <datafield tag="300" ind1=" " ind2=" ">
      <subfield code="a">[2] f.; 217 f. ; 30 cm</subfield>
    </datafield>
    <datafield tag="500" ind1=" " ind2=" ">
      <subfield code="a">Greşeli de numerotare: fila 46 e numerotată 49; fila 48 e numerotată 50; fila 49 e numerotată 48; fila 101 e numerotată 98; fila 102 e numerotată 99; fila 104 e numerotată 101; fila 111 e numerotată 115; fila 143 e numerotată 145; fila 204 e numerotată 198; fila 212 e numerotată 213. Însemnări: coperta 3 însemnări ilizibile; cântarea (?) de sara şi slujba [...] Hristoase aducemă că  [...] ne mântui pre noi prin [...] pănă la Dumineca tuturoru [...] sta [...] să zice pân [...] să să ştie că [...]; [...] să le şi slavele sfârşitul [...] lor. Alta ce să face ar fi casăş poată [...] şi var să [...] iată [...] Mâle (?) vremea au trecut sfârşitul [...]; fila 8: iaste a mea; fila 10: [...]; fila 11: ao cumpărit această sfinţită (?); fila 11 v: [...] bisaricii  din neunite [...]; fila 12: de pomeană [...]; fila 12 v: Popa Ioan; fila 13: [...]; fila 13 v: din Săcăzat; fila 14: [...]; fila 14 v: şi sau cumpărat; fila 15: de sfinţii [...]; fila 15 v: cu patrusprăzece; fila 16: scrisa popa şandru [...]; fila 16 v: florinţi în luna; fila 17: anu 1776 [...]; fila 17 v: luna (?) aprilie; fila 18 v: 11(?) şi trei zile (?); fila 19: anu 1769; fila 20 v: şi cine; fila 21: va sluji cu ia; fila 22 v: să fie dator a pomeni; fila 23: acest nume (?); fila 27 v: Nicula [...] Ana Ioan [...] Mărie; fila 31: toată suflare; fila 149: să laudam. Observaţii: numeroase pete de ceară pe multe file; coperta 3 ştampilă cu următorul text: Anticariat Sibiu Lei 400.</subfield>
    </datafield>
    <datafield tag="650" ind1=" " ind2=" ">
      <subfield code="a">teologie</subfield>
    </datafield>
    <datafield tag="650" ind1=" " ind2=" ">
      <subfield code="a">cărţi liturgice</subfield>
    </datafield>
    <datafield tag="650" ind1=" " ind2=" ">
      <subfield code="a">penticostarion</subfield>
    </datafield>
    <datafield tag="650" ind1=" " ind2=" ">
      <subfield code="a">carte românească veche</subfield>
    </datafield>
    <datafield tag="995" ind1=" " ind2=" ">
      <subfield code="a">Colecţii Speciale - BRV</subfield>
      <subfield code="D">0.01</subfield>
      <subfield code="e">BRV313</subfield>
      <subfield code="F">Sediul_Central_A</subfield>
      <subfield code="j">359 BRV</subfield>
      <subfield code="U">Available</subfield>
      <subfield code="W">Dec 17, 2019</subfield>
      <subfield code="y">BRV313</subfield>
      <subfield code="Z">Împrumut la Sala</subfield>
    </datafield>
  </record>