
  <record>
    <leader>00000nam a2200000 a 4500</leader>
    <controlfield tag="001">BJSB448911</controlfield>
    <controlfield tag="008">191217s1768####|||||||||||||||||#||####u</controlfield>
    <datafield tag="050" ind1=" " ind2=" ">
      <subfield code="a">094.1(498); 264-15</subfield>
    </datafield>
    <datafield tag="245" ind1="0" ind2="0">
      <subfield code="a">Molitvenic acum întru acesta chip sau tipărit, întru întâia domnie, a Prea luminatului domn: Alexandru Scarlat Ghica Voevod cu blagoslovenia, şi osârdia, şi cu toată chieltuiala, sfinţii sale iubitoriului de Dumnezeu. Chir Partenie Episcopul Râm în Sfânta Episcopie a Râmnicului: La anii dela zidirea lumii 1768. Sau tipărit de Popa Gheorghie Atanasie vici Tip. Râm.</subfield>
      <subfield code="c">Editor Partenie, Episcopul Râmnicului; tipograf Popa Gheorghie Atanasievici</subfield>
      <subfield code="h">[Carte tipărită]</subfield>
    </datafield>
    <datafield tag="260" ind1=" " ind2=" ">
      <subfield code="a">Râmnic</subfield>
      <subfield code="b">Tipografia Episcopiei Râmnicului</subfield>
      <subfield code="c">1768</subfield>
    </datafield>
    <datafield tag="300" ind1=" " ind2=" ">
      <subfield code="a">[4] f.; 355 f. ; 20 cm</subfield>
    </datafield>
    <datafield tag="500" ind1=" " ind2=" ">
      <subfield code="a">Legătură: coperţi din lemn învelite în piele; păstrează urmele cheotorilor.  Greşeli de numerotare: fila 143 e numerotată 144; fila 197 e numerotată 199; fila 199 e numerotată 197; fila 201 e numerotată 200 Însemnări: fila de gardă: Ex Libris Ladislau Dan Paroch infimu [...] etiam Confessationes (?) in Pago Zernest die 6 Decembris 842 Per Andream Dan absoluta Theologiae Cibiniensis; Gramatika Coronensis secunda anni Molitvelnic Romanesk impodobit cu condace (?) [...]; fila de gardă v: Astă  [...] iaste începătura muntuirei noastră şi irătarea Maicii ceii din viac fiul lui Dumnezeu din fecioarii să faci şi [...] dorul vinel (?) vesteşte aceştia şi noi cu mare glas săi strigăm bucurăta plinirea rănduiala (?) ziditoriului. Sau scris prin mine Andreii Dan absolutus Theologiae Sibiu; Tmiszei Gloria Dei Gloria in [...] Deo; fila 2 nenumerotată: Să să ştie că acest Molitvenic; fila 3 nenumerotată: iaste al meu Ieresti (?) [...]; fila 4 nenumerotată: iere [...] şi nu lau; fila 1: [...] părintele Stancu (?) Mănăilă; fila 2: dreptul (?) ce [...] dela; fila 3: Bucureşti (?) [...]; fila 4: [...]; fila 5: [...]; fila 6: şi cela cela fura [...]; fila 7:  Amăndo (?) înpreună (?) să dea ne erta [...]; fila 8: [...] bună pe e acesta; fila 9: ma[...]; fila 17: Să să ştie că acest Sfînt şi Dumnezeiesc; fila 215: Să să ştie că acest Sfânt Molitvenic; fila 216: la dăruit Sfintei beserici noastre [...]; fila 217: [...] lui Ioan  [...]; fila 218: nire [...] şi [...]; fila 219: o trăi părintele Rad [...]; fila 220: pentru învăţătura [...]; fila 221: iară după ducerea lui din lumea aceasta; fila 222: neapărat să rămâie bisericii Zărneşti; fila 223: spre vecinica pomenire; fila 224: iară cine sar îndemna al fura au al; fila 225: înstreina să fie blestemat de; fila 226: sfinţii părinţi 318 din Nichia; fila 227: fiind preoţi parohelnic (?) Popa Rad [...]; fila 228: Popa Ioan  Dan Popa Stan (?) [...]; fila 229: Popa Ioan Manoli (?) Popa Bratul [...]; fila 230: Anul 1791 die 7 November; fila de gardă: Hic libor este meus Pestis est Deus Cuius illum quesiveris nomen hic erit Ladislaus natur (?) et Dan vocatur hic Libor a me amatur quis illum furata[...] illa vocam (?); Ex Libris Ladislai Dan Parochi Comunitatis Zernest die 1816 Septembrie; fila de gardă v: Hic liber este meus pestis [...] quis illum querit nomen hic erit Andrea nasus Dan vocatus. Hic liber ame amatur quis illum furatur per ille vocatur fui fugis [...] Diabolu Crucem; nu [...] man [...] amen [...] Andreae; Hic liber est meus Testis (?). Observaţii: ilizibilă numerotarea paginilor 41, 42, 43, 44 (greşeli de numerotare);  ştampilă dreptunghiulară cu textul Biblioteca „Astrei” (Asociaţiunea pentru lit. rom. şi cultura poporului român). Centrala Sibiu. Nr pe foaia de gardă; numeroase pete de ceară.</subfield>
    </datafield>
    <datafield tag="650" ind1=" " ind2=" ">
      <subfield code="a">molitvenic</subfield>
    </datafield>
    <datafield tag="650" ind1=" " ind2=" ">
      <subfield code="a">cărţi liturgice</subfield>
    </datafield>
    <datafield tag="650" ind1=" " ind2=" ">
      <subfield code="a">carte românească veche</subfield>
    </datafield>
    <datafield tag="650" ind1=" " ind2=" ">
      <subfield code="a">teologie</subfield>
    </datafield>
    <datafield tag="856" ind1=" " ind2=" ">
      <subfield code="u">http://www.dspace.bjastrasibiu.ro/bitstream/123456789/10271/1/BJA_CS_000065_CRV_0001-0726.pdf</subfield>
    </datafield>
    <datafield tag="995" ind1=" " ind2=" ">
      <subfield code="a">Colecţii Speciale - BRV</subfield>
      <subfield code="D">0.01</subfield>
      <subfield code="e">BRV065</subfield>
      <subfield code="F">Sediul_Central_A</subfield>
      <subfield code="j">358 BRV</subfield>
      <subfield code="U">Available</subfield>
      <subfield code="W">Dec 17, 2019</subfield>
      <subfield code="y">BRV065</subfield>
      <subfield code="Z">Împrumut la Sala</subfield>
    </datafield>
  </record>