
  <record>
    <leader>00000nam a2200000 a 4500</leader>
    <controlfield tag="001">BJSB448908</controlfield>
    <controlfield tag="008">191217s1767####|||||||||||||||||#||####u</controlfield>
    <datafield tag="050" ind1=" " ind2=" ">
      <subfield code="a">094.1(498); 264-15</subfield>
    </datafield>
    <datafield tag="245" ind1="0" ind2="0">
      <subfield code="a">Sfintele şi Dumnezeeştile Liturghii acelor dintru sfinţii părinţilor noştri, alui Ioann Zlatoust, a lui Vasilie cel Mare, şi a pre de sştenii acum întru acest chip sau tipărit, întru întâia domnie a Prea luminatului domn: Io Alexandru Scarlat Ghica Voevod: cu blagoslovenia şi osârdia, şi cu toată chieltuiala, sfinţii sale iubitoriului de Dumnezeu Chir Partenie Episcopul Râm: În Sfânta Episcopie a Râmnicului: la anii dela zidirea lumii 7276. Sau tipărit de Popa Gheorghie Atanasie vici Tip. Râm.</subfield>
      <subfield code="c">Editor Partenie, Episcopul Râmnicului; tipograf Popa Gheorghie Atanasievici</subfield>
      <subfield code="h">[Carte tipărită]</subfield>
    </datafield>
    <datafield tag="260" ind1=" " ind2=" ">
      <subfield code="a">Râmnic</subfield>
      <subfield code="b">Tipografia Episcopiei Râmnicului</subfield>
      <subfield code="c">1767</subfield>
    </datafield>
    <datafield tag="300" ind1=" " ind2=" ">
      <subfield code="a">[2] f.; 205 f. ; 21 cm</subfield>
    </datafield>
    <datafield tag="500" ind1=" " ind2=" ">
      <subfield code="a">Legătură: coperţi din lemn legate în piele; scena religioasă Bunavestire este încadrată de un chenar cu ornamente florale imprimate cu aur; se mai păstrează cheotorile. Însemnări: fila de gardă de la începutul cărţii: Moştenire dela tatăl meu protopopul Valeriu Florianu din com. Racoviţa, jud. Sibiu 17 Iunie 1946. [...] preot Liviu Florian; fila 13: Valerius Florian preot gr. 1903; fila 48: Această liturghie este a popii Ioan S. Elasa (?) bis. 1770 februar zile 17 popa Tochiuchiuli (?); fila 81: Valeriu Florian preot gr. cat 1891-1908; fila 133: Valeriu Florian preot gr. cat. al Racoviţa 1900; fila 167: se începe postul S. Marii. Observaţii: fila 164 legată la sfârşitul cărţii; fila de gardă de la sfârşitul cărţii ştampilă cu textul: Anticariat Sibiu Lei 1250.</subfield>
    </datafield>
    <datafield tag="650" ind1=" " ind2=" ">
      <subfield code="a">liturghii</subfield>
    </datafield>
    <datafield tag="650" ind1=" " ind2=" ">
      <subfield code="a">cărţi liturgice</subfield>
    </datafield>
    <datafield tag="650" ind1=" " ind2=" ">
      <subfield code="a">teologie</subfield>
    </datafield>
    <datafield tag="650" ind1=" " ind2=" ">
      <subfield code="a">carte românească veche</subfield>
    </datafield>
    <datafield tag="856" ind1=" " ind2=" ">
      <subfield code="u">http://www.dspace.bjastrasibiu.ro/bitstream/123456789/10360/1/BJA_CS_000500_CRV_0001-0422.pdf</subfield>
    </datafield>
    <datafield tag="995" ind1=" " ind2=" ">
      <subfield code="a">Colecţii Speciale - BRV</subfield>
      <subfield code="D">0.01</subfield>
      <subfield code="e">BRV500</subfield>
      <subfield code="F">Sediul_Central_A</subfield>
      <subfield code="j">350 BRV</subfield>
      <subfield code="U">Available</subfield>
      <subfield code="W">Dec 17, 2019</subfield>
      <subfield code="y">BRV500</subfield>
      <subfield code="Z">Împrumut la Sala</subfield>
    </datafield>
  </record>