
  <record>
    <leader>00000nam a2200000 a 4500</leader>
    <controlfield tag="001">BJSB448903</controlfield>
    <controlfield tag="008">191217s1766####|||||||||||||||||#||####u</controlfield>
    <datafield tag="050" ind1=" " ind2=" ">
      <subfield code="a">094.1(498); 264-15</subfield>
    </datafield>
    <datafield tag="245" ind1="0" ind2="0">
      <subfield code="a">Antologhion adecă floarea cuvintelor carele cuprinde întru sine rănduiala Dumnezeieştilor praznice ale sfinţilor numiţi, şi ale sfinţilor de obşte: cesă prăznuiesc în 12 luni ale anului: Acum tipărit rumâneşte în zilele Prea luminatului domn Io Scarlat Grigorie Ghica VV cu blagoslovenia Prea Sfinţitului Mitropolit a toată Ungrovlahia Chiriu Chir Grigorie. În Sfânta Mitropolie în Bucureşti: la anul dela Hs 1766. De Iordache Stoicovici tipograful.</subfield>
      <subfield code="c">Editor Grigorie, Mitropolitul Ungrovlahiei; tipograf Iordache Stoicovici</subfield>
      <subfield code="h">[Carte tipărită]</subfield>
    </datafield>
    <datafield tag="260" ind1=" " ind2=" ">
      <subfield code="a">București</subfield>
      <subfield code="b">Tipografia Sfintei Mitropolii</subfield>
      <subfield code="c">1766</subfield>
    </datafield>
    <datafield tag="300" ind1=" " ind2=" ">
      <subfield code="a">[2] f.; f. 1-245; 247-358; 360-546 ; 32 cm</subfield>
    </datafield>
    <datafield tag="500" ind1=" " ind2=" ">
      <subfield code="a">Greşeli de paginaţie: fila 51 e numerotată 50; fila 80 e numerotată 79; fila 83 e numerotată 23; fila 91 e numerotată 90; fila 96 e numerotată 26; fila 163 e numerotată 164; fila 181 e numerotată 180; fila 210 e numerotată 209; fila 224 e numerotată 222; fila 225 e numerotată 222; fila 226 e numerotată 227; fila 235 e numerotată 234; fila 258 e numerotată 260; fila 265 e numerotată 266; fila 306 e numerotată 304; fila 322 e numerotată 325; fila 340 e numerotată 331; fila 343 e numerotată 340; fila 369 e numerotată 367; fila 370 e numerotată 368; fila 371 e numerotată 366; fila 404 e numerotată 405; fila 416 e numerotată 412; fila 429 e numerotată 432; fila 468 e numerotată 465; fila 539 e numerotată 534. Legătura: coperţi din lemn legate în piele; coperta 1, un chenar din motive geometrice şi florale încadrează scena Răstignirii; se mai păstrează urmele cheotorilor. Însemnări: fila 35: 14 IX 1959 [...]; fila 38: [...] inv. 1909-918; fila 44: In loc de cuvinese... disem Raiu de; fila 45: 23/IX 946; fila 507 v: 30/V 946 [...]; fila 508: [...] 29/VI 943; fila 512 v: [...] 3 X 943; fila 516: 21/VI. 949 [...]; fila 535 v: 21/VIII 946 [...] Observaţii: fila 138 e legată după fila 139; coperta 3 anexat un bilet cu textul: Anticariat Sibiu. Lei 1000; în interiorul cărţii s-au păstrat trei bilete pomelnice; pomelnicul 1: George Todorica, Şofron Iuan Silviu Trăian; biletul 2: Pentru morţi Gheorghe Măriuţa Ghiurca Irimie Maria Tănasă Iuoan Octavian Iuoan Sabina Izudan Maria; biletul 3: Acatistu pentru sănătatea. Ion Anica bolnavă Ionel Copi Maresta(?) Dumitru Stela Anica nora cerem dela Dlui Deum. şi dela Maica Dlui tot ajutorul sănătate norochi isbânda la toate vrăjmaşi sub picorele Dlui Dzeu. Anica bolnavă cere ertare Dzeu celeam făcut Blesteme juramantelor furtului celam făcut asupra Bărbatului meu Ioan rog pe Dlu Dzeu şi Maica Dlui săm erte toate greşalele celam făcut fără voie săm taie Maica Dlui ferbanţele iuţala supărare; pete de ceară pe mai multe file.</subfield>
    </datafield>
    <datafield tag="650" ind1=" " ind2=" ">
      <subfield code="a">antologhion</subfield>
    </datafield>
    <datafield tag="650" ind1=" " ind2=" ">
      <subfield code="a">cărţi liturgice</subfield>
    </datafield>
    <datafield tag="650" ind1=" " ind2=" ">
      <subfield code="a">teologie</subfield>
    </datafield>
    <datafield tag="650" ind1=" " ind2=" ">
      <subfield code="a">carte românească veche</subfield>
    </datafield>
    <datafield tag="995" ind1=" " ind2=" ">
      <subfield code="a">Colecţii Speciale - BRV</subfield>
      <subfield code="D">0.01</subfield>
      <subfield code="e">BRV304</subfield>
      <subfield code="F">Sediul_Central_A</subfield>
      <subfield code="j">134 IV BRV</subfield>
      <subfield code="U">Available</subfield>
      <subfield code="W">Dec 17, 2019</subfield>
      <subfield code="y">BRV304</subfield>
      <subfield code="Z">Împrumut la Sala</subfield>
    </datafield>
  </record>