
  <record>
    <leader>00000nam a2200000 a 4500</leader>
    <controlfield tag="001">BJSB448900</controlfield>
    <controlfield tag="008">191217s1766####|||||||||||||||||#||####u</controlfield>
    <datafield tag="050" ind1=" " ind2=" ">
      <subfield code="a">094.1(498); 264-15</subfield>
    </datafield>
    <datafield tag="245" ind1="0" ind2="0">
      <subfield code="a">Orologhion adecă Ceasoslov care cuprinde în sine slujba de zi şi de noapte, acum întracest chip aşezată şi tipărită după rănduiala Bisericii Răsăritului. Cu blagoslovenia celor mai mari. Tipărită în Blaj în Tipografia Mănăstirii Bunei Vestiri. 1766. Petru Râmniceanul Tipograful.</subfield>
      <subfield code="c">Tipograf Petru Râmniceanul</subfield>
      <subfield code="h">[Carte tipărită]</subfield>
    </datafield>
    <datafield tag="260" ind1=" " ind2=" ">
      <subfield code="a">Blaj</subfield>
      <subfield code="b">Tipografia Mânăstirea Sfintei Troițe</subfield>
      <subfield code="c">1766</subfield>
    </datafield>
    <datafield tag="300" ind1=" " ind2=" ">
      <subfield code="a">[4] f.; 799 p.; [6] f. ; 18 cm</subfield>
    </datafield>
    <datafield tag="500" ind1=" " ind2=" ">
      <subfield code="a">Greşeli de numerotare: p. 203 e numerotată 204 ; p. 375 e numerotată 355; p. 636 e numerotată 656; p. 685 e numerotată 686. Legătura: coperţi din lemn legate în piele; se mai păstrează urmele cheotorilor Însemnări: fila 3 nenumerotată (însemnare parţial lizibilă): Această Sfântă carte sau cumpărat [...] de [...]; p. 107: Să să ştie că această carte sau cumpărat; p. 109: Ion generele Hiricii (?); p. 111: din crone (?) săi fie [...]; p. 113: şi ou dat hramului; p. 115: Sfântului Niculai; p. 117: fracior (?) fura să fie; p. 119: să fie afurisit scrisam; p. 121: eu păcătosu popa Iochim [...]; p. 123: ai Domnului 1773; p. 125: iuni 23; p. 243: Această carte; p. 244: anume ceaslov; p. 245: lau cumpărat; p. 246: [...]; p. 247: cu 4 florinţ vonaş; p. 248: 1766 Rad [...] popa; p. 351: Iuan. Iuan. Iuan [...]; p. 357: Dumnezeule [...]; fila de gardă 1: Aceasta carte oau cumpărat Vălcan (?) Ion donerele (?) [...] pentru patru florinţ vonaş. Popa [...] Rad. Luna lui; fila de gardă 1 v: cinstit seara să fie [...]; slavă toată lui şi se să [...]; cinstă 7 peasnă (?) [...] slavă [...]; Slavă şi acum [...] miluieştene [...] întru mine [...]; fila de gardă 2 v: Ivannie Iuon Anul 1897 au Fost Diacon [...]; coperta 3: 358 [...] cautea akolo; Jianu 600 [...] 1898 an. Observaţii: sunt legate greşit, p. 501-502 între paginile 514-515; coperta 3 ştampilă cu textul: Anticariat Sibiu Lei 600.</subfield>
    </datafield>
    <datafield tag="650" ind1=" " ind2=" ">
      <subfield code="a">ceaslov</subfield>
    </datafield>
    <datafield tag="650" ind1=" " ind2=" ">
      <subfield code="a">cărţi liturgice</subfield>
    </datafield>
    <datafield tag="650" ind1=" " ind2=" ">
      <subfield code="a">teologie</subfield>
    </datafield>
    <datafield tag="650" ind1=" " ind2=" ">
      <subfield code="a">carte românească veche</subfield>
    </datafield>
    <datafield tag="995" ind1=" " ind2=" ">
      <subfield code="a">Colecţii Speciale - BRV</subfield>
      <subfield code="D">0.01</subfield>
      <subfield code="e">BRV302</subfield>
      <subfield code="F">Sediul_Central_A</subfield>
      <subfield code="j">346 BRV</subfield>
      <subfield code="U">Available</subfield>
      <subfield code="W">Dec 17, 2019</subfield>
      <subfield code="y">BRV302</subfield>
      <subfield code="Z">Împrumut la Sala</subfield>
    </datafield>
  </record>