
  <record>
    <leader>00000nam a2200000 a 4500</leader>
    <controlfield tag="001">BJSB448896</controlfield>
    <controlfield tag="008">191217s1765####|||||||||||||||||#||####u</controlfield>
    <datafield tag="050" ind1=" " ind2=" ">
      <subfield code="a">094.1(498); 264-15; 226</subfield>
    </datafield>
    <datafield tag="245" ind1="0" ind2="0">
      <subfield code="a">Sfânta şi Dumnezeiasca a lui Is Hs Evanghelie acum întâi tipărită, supt stăpânirea Prea Înălţatei Înpărătesei Râmlenilor Prinţesei Ardealului iproci Mariei Teresii cu blagoslovenia Prea luminatului, şi Prea osfinţitului, Chiriu Chir Atanasie Rădnic. Vlădicul Făgăraşului, iproci: În Sfânta Mitropolie a Blajului. Anii dela Hs 1765.</subfield>
      <subfield code="c">Editor Atanasie Rădnic</subfield>
      <subfield code="h">[Carte tipărită]</subfield>
    </datafield>
    <datafield tag="250" ind1=" " ind2=" ">
      <subfield code="a">Ed. 1</subfield>
    </datafield>
    <datafield tag="260" ind1=" " ind2=" ">
      <subfield code="a">Blaj</subfield>
      <subfield code="b">Tipografia Mânăstirea Sfintei Troițe</subfield>
      <subfield code="c">1765</subfield>
    </datafield>
    <datafield tag="300" ind1=" " ind2=" ">
      <subfield code="a">[4] f.; 363 p.; [1] f. ; 31 cm</subfield>
    </datafield>
    <datafield tag="500" ind1=" " ind2=" ">
      <subfield code="a">Greşeli de paginaţie: p. 19 e numerotată 17; p. 22 e numerotată 28; p. 87 e numerotată 88; p. 179 e numerotată 199; p. 180 e numerotată 190; p. 252 e numerotată 253; p. 259 e numerotată 258; p. 344 e numerotată 343; p. 345 e numerotată 346. Legătura: coperţi din carton recent legat în pânză. Însemnări: fila de gardă v: Se-a compectatu acesta sf. Evangelia In domnia Majestatiei sale Franciscu I Imperat [...] pe a Transilvaniei În Episcopia Ilustratiei sale Michailu Pavelu Epp al Gherlei In Protopopia M. Onovasului (?) Alesandru Szalosa In preoţia Onovatului (?) Michail Papu adm. act. par. [...]. curatia bisericesca. Michail Socaciu curatoru prim. Gavra Josifu curatoru. Calusieru Vasilica fetu (?) şi curator. Gavra Simeonu curator. Bileganu Joanu si Bileganu Petre curator. Cantor si invetiatoriu Ioanu Bileganu; fila de gardă 2: La compactarea acestei sf. Evangelia a [...] 1. Michail Popu adm. act. par. 1 fl.. 2. Michailu Blanda (?) nat cerc. 1 fl. 3. Joanu Magiasusnanu (?) 2 fl 70 [creiţari]. 4. Petre Trifanu 50 [cr.]. 5. Socaciu Raveca 50 [cr.]. 6. Calusieri Vasilica 50 [cr.]. 7. Huciu Teodoan (?) 50 [cr.] 8. Iudeanu Niculae 50 [cr.]. 9. Bileganu Nastasia 50 [cr.]. 10. Bumbu Teodoan (?) 60 [cr.]. 11. Bileganu Vasilica 50 [cr.]. 12. Bileganu Catilia (?) 40 [cr.]. 13. Campanu Iliana 20 [cr.]. 14. Susianu Vochitia 50 [cr.]. 15. Varga Nastasia 40 [cr.]. 16 Bileganu Vacea 60 [cr.] 17. Calusari Marisca 50 [cr.]. Iosifu [...] 40 [cr.]. Maganusianu (?) Maria 30 [cr.]. 20. Socaciu Nastasia 50 [cr.]. 21. Bileganu Petre 60 [cr.]. 22. Socaciu Michaila 1 fl 30 [cr.]. 23. Campanu Gavrila 30 [cr.]. 24. Builoneanu (?) Timofteiu 30 [cr.]. 25. Husmesanu Joanu 40 [cr.]. 26. Vlash [...] 20 [cr.]. 27 [...] Petre 50 [cr.]. 28. Gavra Josifu 50 [cr.]. 29. Bilegan [...] 30 [cr.]. 30. Varga Pavelu 20 [cr.]. 31. Magionusianu (?) Mihail 50 [cr.]. 32.  Magionusianu (?) Paraschiva (?) 20 [cr.]. 34. Morariu Castanu 30 [cr.]. 35. Lonea Maria 25 [cr.]. 36. Varga Casianu 40 [cr.]. 37. Bileganu Joan 50 [cr.]. 38. Gavra Simeonu 60 [cr.]. 39. Gavra Susana 20 [cr.]. 40. Bileganu Măriuca 20 [cr.]. 41. Varga Nastasia 20 [cr.]. 42. Trifanu Maria 30 [cr.]. 43. Gavra Ilie 50 [cr.]. 44. Lacatisiu [...] 10 [cr.]. 45. Varga Vasilica 50 [cr.]. 46. Magianusianu Nastasia 20 [cr.]. 47. Fusianu Flore 20 [cr.]. 48. Bavaviu George 30 [cr.]. 49. Iliesiu Constantin 1 fl. 50. Gavra Pavelu 50 [cr.]. 51. [...] Botezatu. 20 [cr.]. 52. Galatianu Siofrona 10 [cr.]. 53. Galatianu Vocitia 25 [cr.]. 54. Bileganu Maria 50 [cr.]. 55. Calusieri Ponastiva 30 [cr.]. 56. Magianusianu Maria 10 [cr.]. 57. Gavra Fiva 30 [cr.]. Pretiulu compactarei e 25 fl v.a. Pastportulu 1 fl 5 cr. [...] in Clusiu. Michail Pop [...]; fila 1 nenumerotată: Această Sfântă şi Dumnezeiască Evanghelie; fila 2 nenumerotată: sau dat dela io cucernicul popi Urs; fila 3 nenumerotată: acum din sat [...] pomană şi pomenire vecinică; fila 4 nenumerotată: din Blaj dela Mitropolie zile 15 Ghenărie [...]; [...]; fila nenumerotată de la sfârşitul cărţii v: in 1 augustu 1884 am servitu prima dată in beserica gr. cat. din Herinia. Constantin Pop preotu gr. cat. Observaţii: pete de ceară pe mai multe file; fila nenumerotată se încheie cu textul: Tipăritusa în anul dela mântuirea lumii 1765. De noi cei mai jos numiţi Tipografi: Sandul Tipograful dela Iaşi sin Ieremiia Tipograf. Petru Rămniceanul Papa Vici cu Ioann Rămniceanul; coperta 3, ştampilă cu textul: Anticariat Sibiu Lei 500.</subfield>
    </datafield>
    <datafield tag="650" ind1=" " ind2=" ">
      <subfield code="a">evanghelia</subfield>
    </datafield>
    <datafield tag="650" ind1=" " ind2=" ">
      <subfield code="a">cărţi liturgice</subfield>
    </datafield>
    <datafield tag="650" ind1=" " ind2=" ">
      <subfield code="a">carte românească veche</subfield>
    </datafield>
    <datafield tag="650" ind1=" " ind2=" ">
      <subfield code="a">teologie</subfield>
    </datafield>
    <datafield tag="995" ind1=" " ind2=" ">
      <subfield code="a">Colecţii Speciale - BRV</subfield>
      <subfield code="D">0.01</subfield>
      <subfield code="e">BRV349</subfield>
      <subfield code="F">Sediul_Central_A</subfield>
      <subfield code="j">342 BRV</subfield>
      <subfield code="U">Available</subfield>
      <subfield code="W">Dec 17, 2019</subfield>
      <subfield code="y">BRV349</subfield>
      <subfield code="Z">Împrumut la Sala</subfield>
    </datafield>
  </record>