
  <record>
    <leader>00000nam a2200000 a 4500</leader>
    <controlfield tag="001">BJSB448895</controlfield>
    <controlfield tag="008">191217s1764####|||||||||||||||||#||####u</controlfield>
    <datafield tag="050" ind1=" " ind2=" ">
      <subfield code="a">094.1(498); 264-15; 264-13</subfield>
    </datafield>
    <datafield tag="245" ind1="0" ind2="1">
      <subfield code="a">[Psaltirea fericitului Proroc şi Înpărat David cu molitve după toate catismele. Cu cântările lui Moisi. Cu psalmii aleşi: şi cu pripelele lor. Cu pashalie până la sfârşitul lumii. Cu Paraclisul Precistii. Cu puţină istorie a numelor jidoveşti. Tipărită acum a doao oară întru întâia domnie a Prea luminatului domn. Io Ștefan Mihail Voevod. Cu blagoslovenia şi toată chietuiala iubitoriului de Dumnezeu Chir Grigorie Episcopul Râmnic. În Sfânta Episcopie a Râmnicului. Luna lui februarie: 1764...]</subfield>
      <subfield code="c">Editor Grigorie, Episcopul Râmnicului; tipograf Costandin Mihai Popovici</subfield>
      <subfield code="h">[Carte tipărită]</subfield>
    </datafield>
    <datafield tag="250" ind1=" " ind2=" ">
      <subfield code="a">Ed. a 2-a</subfield>
    </datafield>
    <datafield tag="260" ind1=" " ind2=" ">
      <subfield code="a">Râmnic</subfield>
      <subfield code="b">Tipografia Episcopiei Râmnicului</subfield>
      <subfield code="c">1764</subfield>
    </datafield>
    <datafield tag="300" ind1=" " ind2=" ">
      <subfield code="a">[1] f.; 217 f. ; 20 cm</subfield>
    </datafield>
    <datafield tag="500" ind1=" " ind2=" ">
      <subfield code="a">Legătura: coperţi din lemn legate în piele; cheotori funcţionale. Însemnări: fila. 1: înflorind (?); fila 2: lunalaguezi (?); fila 3: [...]; fila 4: 1765; fila 7: învăţătură cum să ceteşte psaltirea pre(s)te săptămână să(m)bătă seara [...] fericitu bărbatu dimineţe (?) din dineamida (?) [...] luni dimineaţă despre marţi zisirat (?) miercuri [...] 12 joi [...] seara 15 vicri (?) [...] 19 [...] 17 seara 18; fila 25: aceasta; fila 26: psatrire; fila 27: o cu(m)pără; fila 28: tu e popa; fila 29: [...]; fila 30: din; fila 31: [...]; fila 32: [...] de; fila 33: desu; fila 34: cu [...]; fila 126: a decănăma (?) însuraetă popa la [...] da desus 1787; fila 148 v: Suleah Vasilie; fila 193: scri eu; încercări de condei; fila 211 v: Gavra Ioab reposta in 4 Iulie 1919. Observaţii: coperta 3, ştampilă cu textul Anticariat Sibiu 1350 Lei; potrivit unei descrieri anexate cărţii, realizată de Marina Cristea în 29 iulie 1968, cartea a fost donată bibliotecii de Ghiţă Sara şi Ştefănel din comuna Avram Iancu; fila de titlu a fost reprodusă din Bibliografia Românească Veche, vol. II, p. 163.</subfield>
    </datafield>
    <datafield tag="650" ind1=" " ind2=" ">
      <subfield code="a">psaltire</subfield>
    </datafield>
    <datafield tag="650" ind1=" " ind2=" ">
      <subfield code="a">cărţi liturgice</subfield>
    </datafield>
    <datafield tag="650" ind1=" " ind2=" ">
      <subfield code="a">teologie</subfield>
    </datafield>
    <datafield tag="650" ind1=" " ind2=" ">
      <subfield code="a">carte românească veche</subfield>
    </datafield>
    <datafield tag="856" ind1=" " ind2=" ">
      <subfield code="u">http://www.dspace.bjastrasibiu.ro/bitstream/123456789/10380/1/BJA_CS_000448_CRV_0001-0440.pdf</subfield>
    </datafield>
    <datafield tag="995" ind1=" " ind2=" ">
      <subfield code="a">Colecţii Speciale - BRV</subfield>
      <subfield code="D">0.01</subfield>
      <subfield code="e">BRV448</subfield>
      <subfield code="F">Sediul_Central_A</subfield>
      <subfield code="j">340 BRV</subfield>
      <subfield code="U">Available</subfield>
      <subfield code="W">Dec 17, 2019</subfield>
      <subfield code="y">BRV448</subfield>
      <subfield code="Z">Împrumut la Sala</subfield>
    </datafield>
  </record>