
  <record>
    <leader>00000nam a2200000 a 4500</leader>
    <controlfield tag="001">BJSB448891</controlfield>
    <controlfield tag="008">191217s1764####|||||||||||||||||#||####u</controlfield>
    <datafield tag="050" ind1=" " ind2=" ">
      <subfield code="a">094.1(498); 264-15; 264-13</subfield>
    </datafield>
    <datafield tag="245" ind1="0" ind2="1">
      <subfield code="a">[Psaltirea Prorocului şi Înpăratului David acum a treia oară tipărită, cu blagoslovenia Prea Sfântului Chiriu Chir P. Pavel Aaron Vlădicul Făgăraşului în Sfânta Mitropolie a Blajului anii dela Hs 1764.]</subfield>
      <subfield code="c">Editor Petru Pavel Aaron</subfield>
      <subfield code="h">[Carte tipărită]</subfield>
    </datafield>
    <datafield tag="250" ind1=" " ind2=" ">
      <subfield code="a">Ed. a 3-a</subfield>
    </datafield>
    <datafield tag="260" ind1=" " ind2=" ">
      <subfield code="a">Blaj</subfield>
      <subfield code="b">Tipografia Mânăstirea Sfintei Troițe</subfield>
      <subfield code="c">1764</subfield>
    </datafield>
    <datafield tag="300" ind1=" " ind2=" ">
      <subfield code="a">p. 19-163; 238-465; 468-469; 472-475; 478-483 ; 15 cm</subfield>
    </datafield>
    <datafield tag="500" ind1=" " ind2=" ">
      <subfield code="a">Legătură: lipsă coperţi, se află în folie de protecţie. Însemnări: p. 419: Niculae Ilies cantoru [...]. Observații: fila de titlu a fost reprodusă din Bibliografia Românească Veche, vol. IV, p. 250-251.</subfield>
    </datafield>
    <datafield tag="650" ind1=" " ind2=" ">
      <subfield code="a">teologie</subfield>
    </datafield>
    <datafield tag="650" ind1=" " ind2=" ">
      <subfield code="a">cărţi liturgice</subfield>
    </datafield>
    <datafield tag="650" ind1=" " ind2=" ">
      <subfield code="a">psaltire</subfield>
    </datafield>
    <datafield tag="650" ind1=" " ind2=" ">
      <subfield code="a">carte românească veche</subfield>
    </datafield>
    <datafield tag="995" ind1=" " ind2=" ">
      <subfield code="a">Colecţii Speciale - BRV</subfield>
      <subfield code="D">0.01</subfield>
      <subfield code="e">BRV450</subfield>
      <subfield code="F">Sediul_Central_A</subfield>
      <subfield code="j">339 BRV</subfield>
      <subfield code="U">Available</subfield>
      <subfield code="W">Dec 17, 2019</subfield>
      <subfield code="y">BRV450</subfield>
      <subfield code="Z">Împrumut la Sala</subfield>
    </datafield>
  </record>