
  <record>
    <leader>00000nam a2200000 a 4500</leader>
    <controlfield tag="001">BJSB448888</controlfield>
    <controlfield tag="008">191217s1764####|||||||||||||||||#||####u</controlfield>
    <datafield tag="050" ind1=" " ind2=" ">
      <subfield code="a">094.1(498); 264-15</subfield>
    </datafield>
    <datafield tag="245" ind1="0" ind2="1">
      <subfield code="a">[Euhologhion adecă Malitvenic acum întracestaş chip tipărit după rânduiala celui grecesc. Întru întâia domnie, a Mării sale Prea luminatului, Prea înălţatului domnului nostru, şi oblăduitoriu a toată Țara Rumânească. Io Ștefan Mihai Racoviţă Voevod. Cu blagoslovenia şi cu toată cheltuiala Prea Sfinţitului Mitropolit al Ungrovlahie. Chir Grigorie. În Sfânta Mitropolie a Bucureştilor. La anul dela Hs 1764: de Iordache Stoicovici. tip.]</subfield>
      <subfield code="c">Editor Grigorie, Mitropolitul Ungrovlahiei; tipograf Iordache Stoicovici</subfield>
      <subfield code="h">[Carte tipărită]</subfield>
    </datafield>
    <datafield tag="260" ind1=" " ind2=" ">
      <subfield code="a">București</subfield>
      <subfield code="b">Tipografia Sfintei Mitropolii</subfield>
      <subfield code="c">1764</subfield>
    </datafield>
    <datafield tag="300" ind1=" " ind2=" ">
      <subfield code="a">[3] f.; p. 1-192; 223-556 ; 19 cm</subfield>
    </datafield>
    <datafield tag="500" ind1=" " ind2=" ">
      <subfield code="a">Greşeli de paginaţie: p. 504 e numerotată 503; p. 508 e numerotată 507. Legătura: coperţi din carton legate în piele; cele două cheotori sunt funcţionale. Însemnări: p. 137: Dum 29 [...]; [...] a 15 săp. [...]; sănbătă a 24 săp: rusali; p. 334: Acest Molitvelnic iaste al meu Moise P: S: Diac în sat Sălişte 19 Maiu 825; am însămnatu ca săsă ştie; fila de gardă de la sfârşitul cărţii: Opostu la vinerea mare. Cela ce pentru noi oameni şi pentru anoestră măntuire patimi înfricoşate şi dă viaţă făcătoare cruce şi întrupare cea de bună voe cu trupul au luat HS adevăratul Dumnezeul nostru pentru rugăciunile maicii sale şi ale tuturor sfinţilor. Să ne miluiască şi săne mântuiască pre noi; O postu la Joi (?) mare. Cela ce pentru multa bunătate calea mai bună a smerenii neai arătat [...] au spălat picioarele ucenicilor şi pănă şi la cruce şi la îngropăciune smerit pentru noi HS adevărat Dumnezeul nostru pentru rugăciune (?) maicii sale şi ale tuturor sfinţilor săne miluiască şi să ne mântuiască pre noi [...] oameni [...] Observaţii: exemplar incomplet, lipseşte fila de titlu şi p. 557-569; foaia de titlu a fost reprodusă din Bibliografia Românească Veche, vol. II, p. 162; numeroase pete de ceară pe mai multe file; coperta 3: ştampilă cu textul: Anticariat Sibiu Lei 313.</subfield>
    </datafield>
    <datafield tag="650" ind1=" " ind2=" ">
      <subfield code="a">molitvenic</subfield>
    </datafield>
    <datafield tag="650" ind1=" " ind2=" ">
      <subfield code="a">cărţi liturgice</subfield>
    </datafield>
    <datafield tag="650" ind1=" " ind2=" ">
      <subfield code="a">teologie</subfield>
    </datafield>
    <datafield tag="650" ind1=" " ind2=" ">
      <subfield code="a">carte românească veche</subfield>
    </datafield>
    <datafield tag="856" ind1=" " ind2=" ">
      <subfield code="u">http://www.dspace.bjastrasibiu.ro/bitstream/123456789/10416/1/BJA_CS_000289_BRV_0001-0540.pdf</subfield>
    </datafield>
    <datafield tag="995" ind1=" " ind2=" ">
      <subfield code="a">Colecţii Speciale - BRV</subfield>
      <subfield code="D">0.01</subfield>
      <subfield code="e">BRV289</subfield>
      <subfield code="F">Sediul_Central_A</subfield>
      <subfield code="j">337 BRV</subfield>
      <subfield code="U">Available</subfield>
      <subfield code="W">Dec 17, 2019</subfield>
      <subfield code="y">BRV289</subfield>
      <subfield code="Z">Împrumut la Sala</subfield>
    </datafield>
  </record>