
  <record>
    <leader>00000nam a2200000 a 4500</leader>
    <controlfield tag="001">BJSB448886</controlfield>
    <controlfield tag="008">191217s1764####|||||||||||||||||#||####u</controlfield>
    <datafield tag="050" ind1=" " ind2=" ">
      <subfield code="a">094.1(498); 264-15; 226.6</subfield>
    </datafield>
    <datafield tag="245" ind1="0" ind2="1">
      <subfield code="a">[Apostol, București, 1764]</subfield>
      <subfield code="h">[Carte tipărită]</subfield>
    </datafield>
    <datafield tag="260" ind1=" " ind2=" ">
      <subfield code="a">București</subfield>
      <subfield code="b">[S.n.]</subfield>
      <subfield code="c">1764</subfield>
    </datafield>
    <datafield tag="300" ind1=" " ind2=" ">
      <subfield code="a">178 f. ; 28 cm</subfield>
    </datafield>
    <datafield tag="500" ind1=" " ind2=" ">
      <subfield code="a">Greşeli de paginaţie: fila 33 e numeritată 34; fila fila 83 e numerotată 87; fila 108 e numerotată 107; fila fila 177 e numerotată 176. Legătura: coperţi din lemn legate în piele; coperta 1, un chenar format din motive geometrice încadrează scena Răstignirii; se mai păstrează urmele cheotorilor. Însemnări: foaia de gardă de la început: Ai versulu: A slăvi cel pre luminat; Vlaicu (?) inv. 1900 21/XI; fila 178: În anu Dlu. 1914 22 Julie so facutu mobilizare; fila de gardă de la sfârşitul cărţii: In ziua de 22 Iuliu anul 1914 sau decretat mobilizarea şi au fost şi din Nucet toţi tineri. 1939 (?) [...]. Observaţii: lipseşte fila 48, înlocuită de o filă manuscris; fila 178 se încheie cu textul: La acest Sfânt şi Dumnezeiesc lucru fostau îndemnători, şi ostenitori, şi purtători de grijă la toate cele trebuincioase cel între ermonahi mai mic Ioachim Ermonah; mai multe file cu pete de ceară; coperta 2 anexat un bilet cu textul: Apostol (Buc?) 1764. BRV 335 (vol. 2) p. 162. Tip. De Mitropolitul Grigore. Anticariat Sibiu. Lei 400.</subfield>
    </datafield>
    <datafield tag="650" ind1=" " ind2=" ">
      <subfield code="a">teologie</subfield>
    </datafield>
    <datafield tag="650" ind1=" " ind2=" ">
      <subfield code="a">cărţi liturgice</subfield>
    </datafield>
    <datafield tag="650" ind1=" " ind2=" ">
      <subfield code="a">carte românească veche</subfield>
    </datafield>
    <datafield tag="650" ind1=" " ind2=" ">
      <subfield code="a">Apostol (carte)</subfield>
    </datafield>
    <datafield tag="650" ind1=" " ind2=" ">
      <subfield code="a">Faptele Apostolilor</subfield>
    </datafield>
    <datafield tag="856" ind1=" " ind2=" ">
      <subfield code="u">http://www.dspace.bjastrasibiu.ro/bitstream/123456789/10275/1/BJA_CS_000314_BRV_0001-0370.pdf</subfield>
    </datafield>
    <datafield tag="995" ind1=" " ind2=" ">
      <subfield code="a">Colecţii Speciale - BRV</subfield>
      <subfield code="D">0.01</subfield>
      <subfield code="e">BRV314</subfield>
      <subfield code="F">Sediul_Central_A</subfield>
      <subfield code="j">335 BRV</subfield>
      <subfield code="U">Available</subfield>
      <subfield code="W">Dec 17, 2019</subfield>
      <subfield code="y">BRV314</subfield>
      <subfield code="Z">Împrumut la Sala</subfield>
    </datafield>
  </record>