
  <record>
    <leader>00000nam a2200000 a 4500</leader>
    <controlfield tag="001">BJSB448884</controlfield>
    <controlfield tag="008">191217s1763####|||||||||||||||||#||####u</controlfield>
    <datafield tag="050" ind1=" " ind2=" ">
      <subfield code="a">094.1(498); 264-15</subfield>
    </datafield>
    <datafield tag="245" ind1="0" ind2="0">
      <subfield code="a">Octoih cesă zice elineşte Paraclitichi ce cuprinde în sine slujba Învierii, şi Sinaxariul peste tot anul, şi obştea cu troparele, şi condacele: şi bogorodnicele, la toţi sfinţii deobşte acum întracesta chip a doaoară tipărit. Întru a doao domnie, a Prea Luminatului nostru domn: Io Constantin Mihai Racovici Voevod. Cu blagoslovenia şi cu toată chieltuiala Sfinţii sale de Dumnezeu iubitoriul Chir Grigorie Episcopul Râm: în Sfânta Episcopie a Ardealului. Leat 7271: iară dela Hs 1763...</subfield>
      <subfield code="c">Editor Grigorie, Episcopul Râmnicului; tipograf Popa Constandin Atanasievici</subfield>
      <subfield code="h">[Carte tipărită]</subfield>
    </datafield>
    <datafield tag="250" ind1=" " ind2=" ">
      <subfield code="a">Ed. a 2-a</subfield>
    </datafield>
    <datafield tag="260" ind1=" " ind2=" ">
      <subfield code="a">Râmnic</subfield>
      <subfield code="b">Tipografia Episcopiei Râmnicului</subfield>
      <subfield code="c">1763</subfield>
    </datafield>
    <datafield tag="300" ind1=" " ind2=" ">
      <subfield code="a">[3] f.; 255 f; 127 f. ; 20 cm</subfield>
    </datafield>
    <datafield tag="500" ind1=" " ind2=" ">
      <subfield code="a">Greşeli de paginaţie: fila 141 e numerotată 181; fila 17 e numerotată 15; fila 19 e numerotată 17 Legătura: lipseşte coperta 1; coperta 2 din lemn legată în piele; se mai păstrează urmele cheptorilor. Însemnări: fila 3: I. Raicu a. 1886 ; fila 9: Ion Raicu; fila 46 (partea a doua): Molitva la s. Apei mici; fila 119 (partea a doua): Stefan Popovici [...]; coperta 3: Priceasna la scimbarea la faţă. Doamne ântru lumina feţeii tale vom umbla şi întru numele tău nevom bucura înveci. Observaţii: coperta 3: ştampilă cu textul: Anticariat Sibiu 625 Lei.</subfield>
    </datafield>
    <datafield tag="650" ind1=" " ind2=" ">
      <subfield code="a">octoih</subfield>
    </datafield>
    <datafield tag="650" ind1=" " ind2=" ">
      <subfield code="a">cărţi liturgice</subfield>
    </datafield>
    <datafield tag="650" ind1=" " ind2=" ">
      <subfield code="a">teologie</subfield>
    </datafield>
    <datafield tag="650" ind1=" " ind2=" ">
      <subfield code="a">carte românească veche</subfield>
    </datafield>
    <datafield tag="995" ind1=" " ind2=" ">
      <subfield code="a">Colecţii Speciale - BRV</subfield>
      <subfield code="D">0.01</subfield>
      <subfield code="e">BRV444</subfield>
      <subfield code="F">Sediul_Central_A</subfield>
      <subfield code="j">334 BRV</subfield>
      <subfield code="U">Available</subfield>
      <subfield code="W">Dec 17, 2019</subfield>
      <subfield code="y">BRV444</subfield>
      <subfield code="Z">Împrumut la Sala</subfield>
    </datafield>
  </record>