
  <record>
    <leader>00000nam a2200000 a 4500</leader>
    <controlfield tag="001">BJSB448881</controlfield>
    <controlfield tag="008">191217s1762####|||||||||||||||||#||####u</controlfield>
    <datafield tag="050" ind1=" " ind2=" ">
      <subfield code="a">094.1(498); 264-15</subfield>
    </datafield>
    <datafield tag="245" ind1="0" ind2="0">
      <subfield code="a">Catavasiariu cu multe preste tot anul trebuincioase cântări cu blagoslovenia Prea o sfinţitului şi Prea luminatului domn. Petru Pavel Aaron de Bistra prin Țara Ardealului, şi părţilor ei înpreunate Vlădicul Făgăraşului. Tipărit la Sfânta Troiţă în Blaj. Anul 1762. De Dimitrie Râmniceanul.</subfield>
      <subfield code="c">Editor Petru Pavel Aaron; tipograf Dimitrie Râmniceanul</subfield>
      <subfield code="h">[Carte tipărită]</subfield>
    </datafield>
    <datafield tag="260" ind1=" " ind2=" ">
      <subfield code="a">Blaj</subfield>
      <subfield code="b">Tipografia Mânăstirea Sfintei Troițe</subfield>
      <subfield code="c">1762</subfield>
    </datafield>
    <datafield tag="300" ind1=" " ind2=" ">
      <subfield code="a">[3] f.; p. 3-534 ; 16 cm</subfield>
    </datafield>
    <datafield tag="500" ind1=" " ind2=" ">
      <subfield code="a">Greşeli de paginaţie: p. 208 e numerotată 206; p. 385 e numerotată 384; p. 464 e numerotată 462 (numerotarea continuă greşit); p. 521 e numerotată 520. Legătura: coperţi din lemn legate în piele; coperta 1 este reprezentată o cruce; se mai păstrează urmele cheotorilor. Însemnări: fila de titlu v: Tarlaş au fost cantor si invetiator 1860-1870, 1 deceniu [...] Romocea inv. Cant. 12 IX 1933; fila 3 nenumerotată: Rociokia Vasile; fila 3 nenumerotată v: Gheorghe [...]; p. 48: Ectinie si îndat domne strigam si mai [...] vecernie; p. 59: 1943 georgiu giorco; p. 96: Anul Domnului cel sfântu 1933; p. 97: Maiu 21 am semnatu Gheorghie (?); p. 100: Anul cel sfiitu 1933; p. 104: Am semnatu Gheorghe [...] Anu cel sfii a domnului 1933; p. 161: Parohia [...]; p. 162: Georgiu [...] 1943 V V 2; p. 182: Gheorghiu [...1 nascut 1874 [...] 1953; p. 184: Georgiu [...]; p. 210: 1874; p. 288: [...] Gherghie Chişiu [...] 1874. 1952 XII 27 cantor; p. 301: [...] gheorgiu slitot în opt suti şipt zeci şi  [...]; p. 342: Gherghiu Iorca (?) 1952 XII 25; p. 343: [...] 1877 3 februarie; p. 344: Nascut in anu; p. 348: Slava Orbai; p. 347: sau nascu 1877 II 3 si au repusat 1942; p. 349: [...] V II 2 1943; p. 376: 13 IX 933; p. 378: Gheorgheu [...] 1953 XII 27; p. 462: G. [...] / 926 VI 17. Dumineca a patra au căzutu 1925 VII 5. Domnului preste noi; p. 487: o serie de socoteli; p. 498: [...] Gheoghiu 1952 25 XII; p. 528: Palu Victor Cant. 1941 Observaţii: în interiorul cărţii s-a păstrat o icoană înfăţişându-l pe Sfântul Ştefan; pe versoul icoanei textul: Sz Ernö emlékül Germán P. tisztölendö úrnak 1893. Sabău Victor Sabău Victor cantor anu 1940. cantor 194[...]; s-a păstrat un bilet cu o ştampilă având textul: Anticariat Sibiu Lei 750.</subfield>
    </datafield>
    <datafield tag="650" ind1=" " ind2=" ">
      <subfield code="a">catavasier</subfield>
    </datafield>
    <datafield tag="650" ind1=" " ind2=" ">
      <subfield code="a">cărţi liturgice</subfield>
    </datafield>
    <datafield tag="650" ind1=" " ind2=" ">
      <subfield code="a">teologie</subfield>
    </datafield>
    <datafield tag="650" ind1=" " ind2=" ">
      <subfield code="a">carte românească veche</subfield>
    </datafield>
    <datafield tag="856" ind1=" " ind2=" ">
      <subfield code="u">http://www.dspace.bjastrasibiu.ro/bitstream/123456789/10415/1/BJA_CS_000263_CRV_0001-0536.pdf</subfield>
    </datafield>
    <datafield tag="995" ind1=" " ind2=" ">
      <subfield code="a">Colecţii Speciale - BRV</subfield>
      <subfield code="D">0.01</subfield>
      <subfield code="e">BRV263</subfield>
      <subfield code="F">Sediul_Central_A</subfield>
      <subfield code="j">125 IV BRV</subfield>
      <subfield code="U">Available</subfield>
      <subfield code="W">Dec 17, 2019</subfield>
      <subfield code="y">BRV263</subfield>
      <subfield code="Z">Împrumut la Sala</subfield>
    </datafield>
  </record>