
  <record>
    <leader>00000nam a2200000 a 4500</leader>
    <controlfield tag="001">BJSB448880</controlfield>
    <controlfield tag="008">191217s1806####|||||||||||||||||#||####u</controlfield>
    <datafield tag="050" ind1=" " ind2=" ">
      <subfield code="a">244; 22.046; 094.1(498)</subfield>
    </datafield>
    <datafield tag="100" ind1=" " ind2=" ">
      <subfield code="a">Bob, Ioan</subfield>
    </datafield>
    <datafield tag="245" ind1="1" ind2="0">
      <subfield code="a">Carte de învăţături creştineşti. Despre deşertăciunea lumii, şi datoria omului în fieşte ce stat din SS: Scripturi culese, şi întărite pre scurt pentru mai lesne înţălegerea, şi procopseala, pre limba Rumânească aşezată de Prea o Sfinţitul, şi Prea Luminatul Domn Exelenţia Sa Ioann Bobb. Vlădicul Făgăraşului, şi a Prea Înaltei Cesaro Crăeşti mărimi sfetnic din lăuntru. Tipărită în Blaj la Mitropolie. Anul dela HS 1806. (Cu cheltuiala, şi Tipariul Seminariului) - [Vol. 3]</subfield>
      <subfield code="c">Ioan Bob</subfield>
      <subfield code="h">[Carte tipărită]</subfield>
    </datafield>
    <datafield tag="260" ind1=" " ind2=" ">
      <subfield code="a">Blaj</subfield>
      <subfield code="b">Tiparul Seminarului</subfield>
      <subfield code="c">1806</subfield>
    </datafield>
    <datafield tag="300" ind1=" " ind2=" ">
      <subfield code="a">450 p. ; 22 cm</subfield>
    </datafield>
    <datafield tag="500" ind1=" " ind2=" ">
      <subfield code="a">Greşeli de paginație: p. 290 e numerotată 300; p. 389 e numerotată 399. Însemnări: p. 55: Citită de mine Tudorel Baciu 23-III-1940. 1940; p. 59: Această carte este citită de mine cu multă evalvie. Tudorel Baciu. Comuna Măgurele Jud. Prahova. 23-III-1940; p. 105: Despre băuturi [...]; p. 128: Zic voua că totu. Observaţii: exemplar incomplet, lipsesc primele patru file nenumerotate, p. 433-434, 441-444, p. 451 şi alte trei pagini; pe p. 1 anexat un bilet cu următorul text: Bobb Carte de învăţătură creştinească Blaj 1805 Anticariat Sibiu Lei 250. Text în limba română cu caractere chirilice.    </subfield>
    </datafield>
    <datafield tag="650" ind1=" " ind2=" ">
      <subfield code="a">carte veche românească</subfield>
    </datafield>
    <datafield tag="650" ind1=" " ind2=" ">
      <subfield code="a">literatură religioasă</subfield>
    </datafield>
    <datafield tag="650" ind1=" " ind2=" ">
      <subfield code="a">literatură</subfield>
    </datafield>
    <datafield tag="650" ind1=" " ind2=" ">
      <subfield code="a">teologie</subfield>
    </datafield>
    <datafield tag="995" ind1=" " ind2=" ">
      <subfield code="a">Colecţii Speciale - BRV</subfield>
      <subfield code="D">0.01</subfield>
      <subfield code="e">BRV293</subfield>
      <subfield code="F">Sediul_Central_A</subfield>
      <subfield code="j">677b BRV</subfield>
      <subfield code="U">Available</subfield>
      <subfield code="W">Dec 17, 2019</subfield>
      <subfield code="y">BRV293</subfield>
      <subfield code="Z">Împrumut la Sala</subfield>
    </datafield>
  </record>