
  <record>
    <leader>00000nam a2200000 a 4500</leader>
    <controlfield tag="001">BJSB448878</controlfield>
    <controlfield tag="008">191217s1806####|||||||||||||||||#||####u</controlfield>
    <datafield tag="050" ind1=" " ind2=" ">
      <subfield code="a">244; 22.046; 094.1(498)</subfield>
    </datafield>
    <datafield tag="100" ind1=" " ind2=" ">
      <subfield code="a">Bob, Ioan</subfield>
    </datafield>
    <datafield tag="245" ind1="1" ind2="0">
      <subfield code="a">Carte de învăţături creştineşti. Despre deşertăciunea lumii, şi datoria omului în fieşte ce stat din SS: Scripturi culese, şi întărite pre scurt pentru mai lesne înţălegerea, şi procopseala, pre limba Rumânească aşezată de Prea o Sfinţitul, şi Prea Luminatul Domn Exelenţia Sa Ioann Bobb. Vlădicul Făgăraşului, şi a Prea Înaltei Cesaro Crăeşti mărimi sfetnic din lăuntru. Tipărită în Blaj la Mitropolie. Anul dela HS 1806. (Cu cheltuiala, şi Tipariul Seminariului) - [Vol. 2]</subfield>
      <subfield code="c">Ioan Bob</subfield>
      <subfield code="h">[Carte tipărită]</subfield>
    </datafield>
    <datafield tag="260" ind1=" " ind2=" ">
      <subfield code="a">Blaj</subfield>
      <subfield code="b">Tiparul Seminarului</subfield>
      <subfield code="c">1806</subfield>
    </datafield>
    <datafield tag="300" ind1=" " ind2=" ">
      <subfield code="a">4 file nenumerotate + 414 p. ; 22 cm</subfield>
    </datafield>
    <datafield tag="500" ind1=" " ind2=" ">
      <subfield code="a">Legătură: lipsă coperţi şi cotor, se află în folie de protecţie. Însemnări: p. 223: Aciasta carte; p. 225: e a lui; p. 227: Gonzia Ioannu 1 1880; p. 229: Dinu Eibuecutu (?); p. 231: legată în; p. 233: ui (?) lacu jn 1885. Observaţii: exemplar incomplet, lipsesc p. 415-418 şi ultima filă nenumerotată Text în limba română cu caractere chirilice.    </subfield>
    </datafield>
    <datafield tag="650" ind1=" " ind2=" ">
      <subfield code="a">carte veche românească</subfield>
    </datafield>
    <datafield tag="650" ind1=" " ind2=" ">
      <subfield code="a">literatură religioasă</subfield>
    </datafield>
    <datafield tag="650" ind1=" " ind2=" ">
      <subfield code="a">literatură</subfield>
    </datafield>
    <datafield tag="650" ind1=" " ind2=" ">
      <subfield code="a">teologie</subfield>
    </datafield>
    <datafield tag="995" ind1=" " ind2=" ">
      <subfield code="a">Colecţii Speciale - BRV</subfield>
      <subfield code="D">0.01</subfield>
      <subfield code="e">BRV241</subfield>
      <subfield code="F">Sediul_Central_A</subfield>
      <subfield code="j">677 BRV</subfield>
      <subfield code="U">Available</subfield>
      <subfield code="W">Dec 17, 2019</subfield>
      <subfield code="y">BRV241</subfield>
      <subfield code="Z">Împrumut la Sala</subfield>
    </datafield>
  </record>