
  <record>
    <leader>00000nam a2200000 a 4500</leader>
    <controlfield tag="001">BJSB448847</controlfield>
    <controlfield tag="008">191216s1760####|||||||||||||||||#||####u</controlfield>
    <datafield tag="050" ind1=" " ind2=" ">
      <subfield code="a">094.1(498); 264-15</subfield>
    </datafield>
    <datafield tag="245" ind1="0" ind2="0">
      <subfield code="a">Octoih şi slujbele sfinţilor de obşte, cu blagoslovenia Prea o sfinţitului, şi Prea Luminatului Chiriu, Chir Petru, Pavel Aaron de Bistra. Prin Țara Ardealului, şi părţilor ei înpreunate Vlădicul Făgăraşului. Tipărită la Sfânta Troiţă în Blaj. 1760. De Petru Sibianul.</subfield>
      <subfield code="c">Editor Petru Pavel Aaron; tipograf Petru Sibianul</subfield>
      <subfield code="h">[Carte tipărită]</subfield>
    </datafield>
    <datafield tag="260" ind1=" " ind2=" ">
      <subfield code="a">Blaj</subfield>
      <subfield code="b">Tipografia Mânăstirea Sfintei Troițe</subfield>
      <subfield code="c">1760</subfield>
    </datafield>
    <datafield tag="300" ind1=" " ind2=" ">
      <subfield code="a">[1] f.; 498 p.; 219 p.; 38 p.</subfield>
    </datafield>
    <datafield tag="500" ind1=" " ind2=" ">
      <subfield code="a">Greşeli de paginaţie: I: p. 25 e numerotată 29; p. 26 e numerotată 25; p. 32 e numerotată 25; p. 233 e numerotată 232; p. 304 e numerotată 303; p. 376 e numerotată 375; p. 379 e numerotată 378; p. 380 e numerotată 378; p. 403 e numerotată 404; p. 407 e numerotată 408; II: p. 13 e numerotată 14; p. 133 e numerotată 134; p. 212 e numerotată 211; III. p. 6 e numerotată 4. Legătura: lipseşte coperta 2; coperta 1, carton recent marmorat; cotorul legat în piele. Însemnări: p. 1-38 (partea III): însemnări tipiconale; p. 38 v (partea III): Aceasta carte iaste alui Popanicole din Avrig. Scrisam eu Avvesilom Popovici; Fste (?) vră[...] vrăme şi [...] pre vrăjmaşii pre omul [...] 2 lumea [...]; [...] trupul; fila de garda: mustrăl în ceriul pre suflet întra cesta chip […] o suflete și călose (?) cât lume de frumoasă părut cu riceară (?) sufletul răspun de de zice mod (?) părutu dulce și bună și a mea tritu[…] împreună cu frați […] și mu[…] cu priîntena […] fosta mea foarte în de[…] datu și întru toate de […] cum I fu fostu lumea pre mintă cu pămăntu și cu cei plinu iară […] răspunzindu zice dară acum eșind din lume ai haină gata pre tine iară sufletul răspunzind zice dară ce haină așa frumosă trebuie acestora săase (?) iară […] răspunzind zice hainu sculatu (?) aripă iară de nuntă gătatu cu dat mirele vine și punăi haină pre tine iară sufletul lăcrămăndu zice o dulcele (?) mieu bun frate; fila de garda v: fămi […] să să de mână de veacu iară îngerul răspunzind zice o dulce mieu frate haină a […] tote că ai cerutu haină pre tine să o […] păzitu bine că nu ști ceasulu cum divine nici moartea (?) căndu te răpune nu mai iaste îngăduială (?) să faci vreo hiverniseală că în ce ceasu moartea ne întâlnește dela trup te despărțește de avuție te lăpsește în pămănt te primenește deacum pănă în vecile mila Domnului să fie amin (?) […]; Sfinte Dumnezeule grăiaște (?) agnos o taos ishiros agnos […]atos […] imos; Această Sfântă carte iaste alui Prodan Solomon cantor findu. Amin. Observaţii: anexat un bilet cu textul: Octoih Râmnic 1742 Anticariat Sibiu Lei 500; pete de ceară pe mai multe file.</subfield>
    </datafield>
    <datafield tag="650" ind1=" " ind2=" ">
      <subfield code="a">octoih</subfield>
    </datafield>
    <datafield tag="650" ind1=" " ind2=" ">
      <subfield code="a">carte românească veche</subfield>
    </datafield>
    <datafield tag="650" ind1=" " ind2=" ">
      <subfield code="a">teologie</subfield>
    </datafield>
    <datafield tag="650" ind1=" " ind2=" ">
      <subfield code="a">cărţi liturgice</subfield>
    </datafield>
    <datafield tag="995" ind1=" " ind2=" ">
      <subfield code="a">Colecţii Speciale - BRV</subfield>
      <subfield code="D">0.01</subfield>
      <subfield code="e">BRV437</subfield>
      <subfield code="F">Sediul_Central_A</subfield>
      <subfield code="j">322 BRV</subfield>
      <subfield code="U">Available</subfield>
      <subfield code="W">Dec 17, 2019</subfield>
      <subfield code="y">BRV437</subfield>
      <subfield code="Z">Împrumut la Sala</subfield>
    </datafield>
  </record>