
  <record>
    <leader>00000nam a2200000 a 4500</leader>
    <controlfield tag="001">BJSB448846</controlfield>
    <controlfield tag="008">191216s1760####|||||||||||||||||#||####u</controlfield>
    <datafield tag="050" ind1=" " ind2=" ">
      <subfield code="a">094.1(498); 264-15; 226</subfield>
    </datafield>
    <datafield tag="245" ind1="0" ind2="0">
      <subfield code="a">Sfânta şi Dumnezeiasca Evanghelie care sau tipărit acum în zilele Prea Înălţatului Domn, şi oblăduitoriu a toată Țara Rumânească Io Scarlat Grigorie Ghica Voevod cu blagoslovenia şi cu toată chieltuiala purtătoriului pravoslaviei Prea Sfinţitului Chir Grigorie Mitropolitul a toată Țara Rumânească şi exarh plaiurilor. Acum întracestaş chip tipărită şi diotorsită, în scaunul domniei în Bucureşti în Tipografia Mitropoliei. La anul dela spsenia lumii 1760. De Iordache Stoicovici tip.</subfield>
      <subfield code="c">Editor Grigorie Mitropolitul Țării Românești; tipograf Iordache Stoicovici</subfield>
      <subfield code="h">[Carte tipărită]</subfield>
    </datafield>
    <datafield tag="260" ind1=" " ind2=" ">
      <subfield code="a">București</subfield>
      <subfield code="b">Tipografia Sfintei Mitropolii</subfield>
      <subfield code="c">1760</subfield>
    </datafield>
    <datafield tag="300" ind1=" " ind2=" ">
      <subfield code="a">[4] f.; 180 f. ; 30 cm</subfield>
    </datafield>
    <datafield tag="500" ind1=" " ind2=" ">
      <subfield code="a">Greşeli de numerotare: p. 10 e numerotată 13; fila 169 e numerotată 179. Legătura: coperţi din lemn legate în piele; coperta 1: în plan central scena Răstignirii; se mai păstrează urmele cheotorilor. Însemnări: fila 126 v: Această S. Evanghelie; fila 127: au dat [...] popa Moisi; fila 128: Sfintei biserici din satul [...]; fila 129: cine sar strica să [...]; fila 130: carte cu [...] Observaţii: picături de ceară pe mai multe file; coperta 3: ştampilă cu textul: Anticariat Sibiu Lei 875.</subfield>
    </datafield>
    <datafield tag="650" ind1=" " ind2=" ">
      <subfield code="a">evanghelia</subfield>
    </datafield>
    <datafield tag="650" ind1=" " ind2=" ">
      <subfield code="a">teologie</subfield>
    </datafield>
    <datafield tag="650" ind1=" " ind2=" ">
      <subfield code="a">cărţi liturgice</subfield>
    </datafield>
    <datafield tag="650" ind1=" " ind2=" ">
      <subfield code="a">carte românească veche</subfield>
    </datafield>
    <datafield tag="995" ind1=" " ind2=" ">
      <subfield code="a">Colecţii Speciale - BRV</subfield>
      <subfield code="D">0.01</subfield>
      <subfield code="e">BRV438</subfield>
      <subfield code="F">Sediul_Central_A</subfield>
      <subfield code="j">319 BRV</subfield>
      <subfield code="U">Available</subfield>
      <subfield code="W">Dec 16, 2019</subfield>
      <subfield code="y">BRV438</subfield>
      <subfield code="Z">Împrumut la Sala</subfield>
    </datafield>
  </record>