
  <record>
    <leader>00000nam a2200000 a 4500</leader>
    <controlfield tag="001">BJSB448845</controlfield>
    <controlfield tag="008">191216s1759####|||||||||||||||||#||####u</controlfield>
    <datafield tag="050" ind1=" " ind2=" ">
      <subfield code="a">094.1(498); 264-15</subfield>
    </datafield>
    <datafield tag="245" ind1="0" ind2="1">
      <subfield code="a">[Catavasiariu acum a patra oară tipărit, [în] întâia domnie a Prealuminatului Domn Io Scarlat, Grigore Ghica Voevod cu blagoslovenia, şi cheltuiala Sfinţii sale iubitoriului de Dumnezeu Chir Grigorie Episcopul Râmnicului în Sfânta Episcopie a Rămnicului la anul dela Hs 1759. Sau tipărit de Popa Constandin Atanasie, vici: Tipograful Râmnicului.]</subfield>
      <subfield code="c">Editor Grigorie, Episcopul Râmnicului; tipograf Popa Constandin Atanasievici</subfield>
      <subfield code="h">[Carte tipărită]</subfield>
    </datafield>
    <datafield tag="250" ind1=" " ind2=" ">
      <subfield code="a">Ed. a 4-a</subfield>
    </datafield>
    <datafield tag="260" ind1=" " ind2=" ">
      <subfield code="a">Râmnic</subfield>
      <subfield code="b">Tipografia Episcopiei Râmnicului</subfield>
      <subfield code="c">1759</subfield>
    </datafield>
    <datafield tag="300" ind1=" " ind2=" ">
      <subfield code="a">f. 6-12; 17-51; 58-96; 99-108; 110-115; 118-210 ; 15 cm</subfield>
    </datafield>
    <datafield tag="500" ind1=" " ind2=" ">
      <subfield code="a">Legătura: lipsesc coperţile, se află în folie de protecţie. Observaţii: fila de titlu a fost reprodusă după Bibliografia Românească Veche, vol. IV, p. 75; 4 file manuscris intercalate între filele 51-58; filele 113, 182, 183 păstrate fragmentar; anexat un bilet cu textul: Anticariat Sibiu Lei 313.</subfield>
    </datafield>
    <datafield tag="650" ind1=" " ind2=" ">
      <subfield code="a">teologie</subfield>
    </datafield>
    <datafield tag="650" ind1=" " ind2=" ">
      <subfield code="a">carte românească veche</subfield>
    </datafield>
    <datafield tag="650" ind1=" " ind2=" ">
      <subfield code="a">catavasier</subfield>
    </datafield>
    <datafield tag="650" ind1=" " ind2=" ">
      <subfield code="a">cărţi liturgice</subfield>
    </datafield>
    <datafield tag="995" ind1=" " ind2=" ">
      <subfield code="a">Colecţii Speciale - BRV</subfield>
      <subfield code="D">0.01</subfield>
      <subfield code="e">BRV309</subfield>
      <subfield code="F">Sediul_Central_A</subfield>
      <subfield code="j">118 IV BRV</subfield>
      <subfield code="U">Available</subfield>
      <subfield code="W">Dec 16, 2019</subfield>
      <subfield code="y">BRV309</subfield>
      <subfield code="Z">Împrumut la Sala</subfield>
    </datafield>
  </record>