
  <record>
    <leader>00000nam a2200000 a 4500</leader>
    <controlfield tag="001">BJSB448840</controlfield>
    <controlfield tag="008">191216s1759####|||||||||||||||||#||####u</controlfield>
    <datafield tag="050" ind1=" " ind2=" ">
      <subfield code="a">094.1(498); 264-15</subfield>
    </datafield>
    <datafield tag="245" ind1="0" ind2="0">
      <subfield code="a">Sfintele şi Dumnezeeştile Liturghii a celor dintru sfinţii părinţilor noştri alui Ioann Zlatoust, alui Vasilie cel Mare, şi a prejdesştenii, acum întracestaş chip tipărite întru întâia domnie, a Țării Rumăneşti, a Prea Luminatului şi Prea Înnălţatului Domn, Io Scarlat Grigorie Ghica Voevod cu blagvenia şi toată osârdia şi cheltuiala, a Prea Sfinţitului şi de Dumnezeu iubitoriului Chir Grigorie Episcopul Râmnicului în Sfânta Episcopie a Râmnicului la anul dela facerea lumii 7267...</subfield>
      <subfield code="c">Editor Grigorie Episcopul Râmnicului; tipograf Popa Constandin Atanasie</subfield>
      <subfield code="h">[Carte tipărită]</subfield>
    </datafield>
    <datafield tag="260" ind1=" " ind2=" ">
      <subfield code="a">Râmnic</subfield>
      <subfield code="b">Tipografia Episcopiei Râmnicului</subfield>
      <subfield code="c">1759</subfield>
    </datafield>
    <datafield tag="300" ind1=" " ind2=" ">
      <subfield code="a">[2] f.; 134 f. ; 21 cm</subfield>
    </datafield>
    <datafield tag="500" ind1=" " ind2=" ">
      <subfield code="a">Greşeli de paginaţie: fila 133 e nuemrotată 131; fila 134 e numerotată 32. Legătura: coperţi din carton învelite în piele. Însemnări: fila de gardă 1: Acest Sfânt Litrugis(?) este a bisericii din Şi rne a părintelui popa Vladu Ţăposu; fila de gardă 1 v: Cu ajutorul lui Dumnezeu am început [...] anul [...] în amnare pentru făngăduinţă [...] eu popa Rad Ţăposu din şărne [...]; Cu frica lui Dumnezeu am început călătoria la treapta preoţiei; [...] pre cineva [...]; fila de gardă 2: Petru Kuzure [...] şi zice [...] să mă pomenească la leturghieşi zice o cetere tot [...] să mă pomenească în bine. Anii să şio [...]; Dispute cu Nazareni un ofisor în Tipografia Diecesana Caransebesu cu un pretu de 10 c; fila de gardă 2 v: [...]; Cu toată cheltuiala [...] minune a; p. 38: Vohod=prevestire voanghelia vestire cuvântului lui Dzeu al; fila 39 v: Pecatu carniei [...] de aici nu [...] demni de a vă numi fii părintelui vostru [...] nimic nu vie să asculte cuvintelor mele mie; fila 40: viclenie de mine unia aceia şi vom lua plata lor; Aceia care nuşi pleca capu şi genunchii la pământ moartea cuvintelor milă [...] vază fum fiul meu şi rostise; fila 49 v: osana=mărire [...]; fila 60 v: Să ştie că această sfântă leturghie; fila 61 v: o am cumpărat [...] vaneş; fila 62 v: [...] şi oa dat la sfânta; fila 63 v: biserică de mine de popa; fila 64 v: ca să [...] în veci pomenire; de domnul Hs în veci; Aceasta [...] ca să ţie; fila 67 v: cându a umbla văleat [...]; leat 7268 şi [...]; fila 69 v: w popa Vlad Ţeposu [...]; fila 106 v: 27/IV. Dumineca tomi Timp frumos; fila 131 v: Cat se pota dela jucat sa cere(?) ca să fie [...] dela [...] gandurile cele rele la [...] Sf [...] si vai de acela care va sufera [...] în zioa aceea; fila 134 [...] 132: ş Stana Safta Popa;  fila 134 [...] 132 v: erte Vladu ereza nadelea ion(?); fila de gardă 1: Prochimile. Duminecă seara prochimei(?) glas 10 iată acum vine cuvântarea pre Domnul toate slugile Domnului; Calendariu1. Si uscat iti e pamantul. 2. Si cu erbie înverzat. 3. Iară trupul tău cel rece. 4. Acolo sa slobozat; fila de gardă 1 v: Dumnezeule viers [...] glas 6. Sprijinitorul meu eşitu şi [...] la tă şi va întămpina scotem de stlavrăşi [...] dumnezeiască(?) şi de cei ce scoli asupră mea miluiaştemu. Dumincă seara; Din daru şi din mila lu Dmne; însemnări conţinând un calendar al lunilor iunie, iulie şi august; fila 2: Duminecă seara. Prochimen glas 5. [...] acum vine cuvănta di pre Domnu (?) toate spuţi le Domnul. Stih cari staţi în casa Domnului  în cărţile (?) casi Dumnezeului nostru. Luca [...] glas 4; Domnul nă va auzi cănd voi striga pră dănsul. Stih; Cănd amu strigatumu eu auzituma Dumnezeul dreptăţii mele; Marţi seara. Glas 1. Milosto(?) Domne mă vas[...]cele ce viedemele stih; Domnul mă paşte şi ne mico(?) num va lipsi în locul păşuni acolo mau sălăşuit; Mercuri seara glasu nu mele tău măntue. Dumnezeule întru puterea ta mă [...] şi în oru[...] stih; Dumnezeule a scula [...] guri mele; Joi seara glas [...] Ajutorul meu dela Domnul cel ce [...] ceriu şi pămăntul şi vă  fia [...] ajutării meu; fila de gardă 2 v: Să ştie cum mam început preoţia în luna lu decemvrie în zile la zămislirea [...] 826; Ot post înţelepciune cel ce este blagoslovit totu dea aicia acum şi pururea şi în vecilor; Hs adevăratul de pentru rugăciunile preacuratei maicii tale cu puterea cinstitei şi de viaţă făcători cruci şi ale S. Perinţi Ioachem şi Ana şi ale [...] M. Demetrie şi Sfântul M. Mina; fila de gardă 3: [...] şi cu Aron amundoi ţinude (?) tron de tronul făgăduin [...] şi al [...] şi cu arnu [...] dela faraon; Întru aceasta carte este toată slujba Sfintei leturghii în tot păcatu mai mari [...] nădăjduirea cătră Dumnezeu şi de fădăruirea (?) că prea Dumnezeu [...] şi scump; Eu cel mai jos  iscălit dau adese roinda (?) mea la mână Dumnealui fratele Erimie; Această letrughie este; Eu Gheorghe Ţăpos candidat la preoţie în sat Şirnă; Să să ştie că în acest an mau dat diacon în A 1825 Martie (?) 8 Marţi; fila de gardă 3 v: Această letrughie este a mea a părintelui Rad Ţăposu dela Şirne; Această Letrughie să să ştie că este a mea alui Gheorghe Ţăpos dela Şirne la sibii candidat de preoţie şi cine să va afla să o fure să fie în canon de moarte. Pentru că este păcat a nu să fura [...] dela biserică (?); Că sau întâmplat o forte mare pricină în luna lui mai 20 că sau fost omorât un om pentru nimica lau lovit un [...] co peatră în cap şi lau prins. Observaţii: numeroase pete de ceară pe mai multe file; ştampilă cu textul: George Ţeposu paroh gr. or. pe prima şi a doua filă de la sfârşitul cărţii.</subfield>
    </datafield>
    <datafield tag="650" ind1=" " ind2=" ">
      <subfield code="a">teologie</subfield>
    </datafield>
    <datafield tag="650" ind1=" " ind2=" ">
      <subfield code="a">carte românească veche</subfield>
    </datafield>
    <datafield tag="650" ind1=" " ind2=" ">
      <subfield code="a">liturghie</subfield>
    </datafield>
    <datafield tag="650" ind1=" " ind2=" ">
      <subfield code="a">cărţi liturgice</subfield>
    </datafield>
    <datafield tag="995" ind1=" " ind2=" ">
      <subfield code="a">Colecţii Speciale - BRV</subfield>
      <subfield code="D">0.01</subfield>
      <subfield code="e">BRV061</subfield>
      <subfield code="F">Sediul_Central_A</subfield>
      <subfield code="j">314a BRV</subfield>
      <subfield code="U">Available</subfield>
      <subfield code="W">Dec 16, 2019</subfield>
      <subfield code="y">BRV061</subfield>
      <subfield code="Z">Împrumut la Sala</subfield>
    </datafield>
  </record>