
  <record>
    <leader>00000nam a2200000 a 4500</leader>
    <controlfield tag="001">BJSB448837</controlfield>
    <controlfield tag="008">191216s1757####|||||||||||||||||#||####u</controlfield>
    <datafield tag="050" ind1=" " ind2=" ">
      <subfield code="a">094.1(498); 264-15</subfield>
    </datafield>
    <datafield tag="245" ind1="0" ind2="1">
      <subfield code="a">[Euhologhion adecă Molitvenic acum întâiu întracesta chip tipărită cu blagoslovenia Preasfinţitului Chiriu Chir Petru Pavel Aaron din Bistra Vlădicul Făgăraşului în Mănăstirea Sfintei Troiţe la Blaj. Anii dela Hristos 1757. De Ioan Râmniceanul.]</subfield>
      <subfield code="c">Editor Petru Pavel Aaron; tipograf Ioan Râmniceanul</subfield>
      <subfield code="h">[Carte tipărită]</subfield>
    </datafield>
    <datafield tag="250" ind1=" " ind2=" ">
      <subfield code="a">Ed. 1</subfield>
    </datafield>
    <datafield tag="260" ind1=" " ind2=" ">
      <subfield code="a">Blaj</subfield>
      <subfield code="b">Tipografia Mânăstirea Sfintei Troițe</subfield>
      <subfield code="c">1757</subfield>
    </datafield>
    <datafield tag="300" ind1=" " ind2=" ">
      <subfield code="a">[1] f.; p. 5-6; 17-210; 273-290; 297-348; 351-392; 395-396; 399-402; 405-436; 8 p.; 20 p. ; 20 cm</subfield>
    </datafield>
    <datafield tag="500" ind1=" " ind2=" ">
      <subfield code="a">Greşeli de numerotare: p. 112 e numerotată 102; p. 113 e numerotată 103 (numerotarea continuă greşit); p. 190 e numerotată 200; p. 312 e numerotată 317; p. 344 e numerotată 346; p. 435 e numerotată 425. Însemnări: filă intercalată între fila de titlu şi p. 5: chetei [...] chetui helog[...] vineri  sembet se vini la mini sem şti spuni de tate di la gheordie şa pentru lo[...] din dos semi aduci  [...] che am şa [...] ghe mara cu tine, sa isprăvesc pent gheordie ceva cu tine mei mult nu [...] scria che am lucru mult joi(?) pune da [...] scris în recheştia 20 febra 1771 ceolnoco [...]; filă intercalată între fila de titlu şi p. 5 v: Niculae Duma [...] Ion [...] David Iona [...] Simion Florica Toma [...] Stana Dumitra Ion Dumitru Stana Stana Dumitru Măria Ciocă(?) [...]. Legătura: coperţi din lemn legate în piele; se mai păstrează urmele cheotorilor. Observaţii: anexat un bilet cu textul: Anticariat Sibiu Lei 375; BRV face referiri la număr de file (3 file + 436 file + 24 file); pagina de titlu se păstrează fragmentar; lipsesc ultimele 4 pagini; fila de titlu a fost reprodusă din Bibliografia Românească Veche, vol. II, p. 141.</subfield>
    </datafield>
    <datafield tag="650" ind1=" " ind2=" ">
      <subfield code="a">molitvenic</subfield>
    </datafield>
    <datafield tag="650" ind1=" " ind2=" ">
      <subfield code="a">cărţi liturgice</subfield>
    </datafield>
    <datafield tag="650" ind1=" " ind2=" ">
      <subfield code="a">teologie</subfield>
    </datafield>
    <datafield tag="650" ind1=" " ind2=" ">
      <subfield code="a">carte românească veche</subfield>
    </datafield>
    <datafield tag="995" ind1=" " ind2=" ">
      <subfield code="a">Colecţii Speciale - BRV</subfield>
      <subfield code="D">0.01</subfield>
      <subfield code="e">BRV260</subfield>
      <subfield code="F">Sediul_Central_A</subfield>
      <subfield code="j">306 BRV</subfield>
      <subfield code="U">Available</subfield>
      <subfield code="W">Dec 16, 2019</subfield>
      <subfield code="y">BRV260</subfield>
      <subfield code="Z">Împrumut la Sala</subfield>
    </datafield>
  </record>