
  <record>
    <leader>00000nam a2200000 a 4500</leader>
    <controlfield tag="001">BJSB448836</controlfield>
    <controlfield tag="008">191216s1756####|||||||||||||||||#||####u</controlfield>
    <datafield tag="050" ind1=" " ind2=" ">
      <subfield code="a">094.1(498); 264-15</subfield>
    </datafield>
    <datafield tag="245" ind1="0" ind2="0">
      <subfield code="a">Dumnezeeştile Liturghii acelor dintru sfinţi părinţilor noştri Ioan Zlatoust, Vasilie cel Mare, şi a prejde sştenei. Acum întâi întra cesta chip tipărite: stăpânind Preaînălţata: Cesaro Crăiasca Romanilor, Prinţesa Ardealului iproci. Maria Teresia cu blagoslovenia Prea Luminatului, şi Preasfinţitului Chiriu Chir: Petru Pavel Aaron Vlădicul Făgăraşului în Mănăstirea Sfintei Troiţă la Blaj anul dela Hs 1756. De Mihail Becicherechi.</subfield>
      <subfield code="c">Editor Petru Pavel Aaron; tipograf Mihail Becicherechi</subfield>
      <subfield code="h">[Carte tipărită]</subfield>
    </datafield>
    <datafield tag="250" ind1=" " ind2=" ">
      <subfield code="a">Ed. 1</subfield>
    </datafield>
    <datafield tag="260" ind1=" " ind2=" ">
      <subfield code="a">Blaj</subfield>
      <subfield code="b">Tipografia Mânăstirea Sfintei Troițe</subfield>
      <subfield code="c">1756</subfield>
    </datafield>
    <datafield tag="300" ind1=" " ind2=" ">
      <subfield code="a">[1] f.; 230 p. ; 19 cm</subfield>
    </datafield>
    <datafield tag="500" ind1=" " ind2=" ">
      <subfield code="a">Greşeli de paginaţie: p. 177 e numerotată 178; p. 186 e numerotată 177; p. 222 e numerotată 215; p. 223 e numerotată 217. Legătura: carton învelit în piele; la compactarea coperţii 1 a fost utilizată o filă de carte românească veche. Însemnări: p. 1: Suteu Gheorghe 1946 Martie 31 Observaţii: numeroase pete de ceară pe multe file.</subfield>
    </datafield>
    <datafield tag="650" ind1=" " ind2=" ">
      <subfield code="a">carte românească veche</subfield>
    </datafield>
    <datafield tag="650" ind1=" " ind2=" ">
      <subfield code="a">cărţi liturgice</subfield>
    </datafield>
    <datafield tag="650" ind1=" " ind2=" ">
      <subfield code="a">teologie</subfield>
    </datafield>
    <datafield tag="650" ind1=" " ind2=" ">
      <subfield code="a">liturghii</subfield>
    </datafield>
    <datafield tag="995" ind1=" " ind2=" ">
      <subfield code="a">Colecţii Speciale - BRV</subfield>
      <subfield code="D">0.01</subfield>
      <subfield code="e">BRV256</subfield>
      <subfield code="F">Sediul_Central_A</subfield>
      <subfield code="j">300 BRV</subfield>
      <subfield code="U">Available</subfield>
      <subfield code="W">Dec 16, 2019</subfield>
      <subfield code="y">BRV256</subfield>
      <subfield code="Z">Împrumut la Sala</subfield>
    </datafield>
  </record>