
  <record>
    <leader>00000nam a2200000 a 4500</leader>
    <controlfield tag="001">BJSB448835</controlfield>
    <controlfield tag="008">191216s1753####|||||||||||||||||#||####u</controlfield>
    <datafield tag="050" ind1=" " ind2=" ">
      <subfield code="a">094.1(498); 264-15</subfield>
    </datafield>
    <datafield tag="245" ind1="0" ind2="0">
      <subfield code="a">Stratsnic care cuprinde în sine slujba Sfintelor Patimi şi a Învierii Domnului HS acum întracesta chip tipărită supt stăpânirea Prea Înălţatei Cesaro Crăiasei Marii Teresii cu blagoslovenia Preasfinţitului vlădichii Făgăraşului. Chiriu Chiriu: Petru Pavel Aaron dela Bistra: Mănăstirea Sfintei Troiţe la Blaj. Anii dela Hs 1753. D. Vasilie Costandin.</subfield>
      <subfield code="c">Editor Petru Pavel Aaron</subfield>
      <subfield code="h">[Carte tipărită]</subfield>
    </datafield>
    <datafield tag="250" ind1=" " ind2=" ">
      <subfield code="a">Ed. 1</subfield>
    </datafield>
    <datafield tag="260" ind1=" " ind2=" ">
      <subfield code="a">Blaj</subfield>
      <subfield code="b">Tipografia Mânăstirea Sfintei Troițe</subfield>
      <subfield code="c">1753</subfield>
    </datafield>
    <datafield tag="300" ind1=" " ind2=" ">
      <subfield code="a">[2] f.; 179 p. ; 34 cm</subfield>
    </datafield>
    <datafield tag="500" ind1=" " ind2=" ">
      <subfield code="a">Greşeli de paginaţie: p. 22 e numerotată 23; p. 46 e numerotată 47; p. 87 e numerotată 86; p. 98 e numerotată 88; p. 99 e numerotată 89 (numerotarea continuă greşit); p. 124 e numerotată 125. Legătura: coperţi din lemn legate în piele; se mai păstrează urmele cheotorilor. Însemnări: coperta 2: Acest Strastnic iaste al […] alui care Popovici (?) Nicolae (?) din Glod și cine sar afla să o strinea (?) dela sau dela copilui să fie proclet și […] eu din costandin din Zanc (?); încercări de condei; Am scris aceste rînduri urmaşilor mei spre aducere aminte astăzi 28 iulie-1967. Preot paroh: Cibian Ioan în vârstă de 24 ani. Primul an de pastoraţie la Glodghileşti; fila de gardă de la începutul cărţii: Dreguţu Ioan cantor; Scrisam spre aduceria aminte în ziua de Florii anul 1904 III zi. Adam Arsal; Scrisam spre aducerea aminte în lunia după sft paşti 16 IV 928 [...] Iosef; Scrisam spre aduceria aminte în ziua de Anu nou ianuarie 1 1927. Lupaş Traian; p. 1: Această Sfântă carte; p. 3: ce să numeşte Strastnic; p. 5: ao cumpărată cu banii; p. 7: din osteneala creştinilor; p. 9: miluitorilor dela satul Glod; p. 11: e Varmeghia Hinădorii; p. 13: pre sama S bserici (?) dela Glod; p. 15: spre pomenirea vecinică a toate neamurile; p. 17: scrisam eu Nicolae Haso[...]; p. 19: anu Domnului 1785 [...]; p. 53: Astăzi 28 iulie 1967 orele 16 (4) s-a; p. 54: născut o fetiţă a lui Sîrb Ana; p. 55: care este nora lui Varvara şi fata lui; p. 56: Sevaste Drăghici. Scris-am; p. 57: spre aducere aminte Pr. Cibian Ioan 24 ani; fila de gardă de la sfârşitul cărţii: Scrisam eu Partenie Dehel [...] ca invatiatoriu [...] în Glod [...]; Cand sau pogorat limbile amestecând de [...] neamurile cel prea [...] iasă cand au [...] limbi de foc. Dehel; [...] preot 1911; Kandu [...] ucenici la [...] altuia; fila de gardă de la sfârşitul cărţii v: Acest Strastnic [...]; încercări de condei; coperta 3: Spre aducere aminte am scris la dumineca florilor anul 1905 Victor Nistor; scolar Iosif Glod gilescu [...] Alexandru [...] Glod; încercări de condei. Observaţii: pete de ceară pe mai multe file; coperta 3 ştampilă cu textul: Anticariat Sibiu Lei 625; se mai păstrează urmele cheotorilor.</subfield>
    </datafield>
    <datafield tag="650" ind1=" " ind2=" ">
      <subfield code="a">strastnic</subfield>
    </datafield>
    <datafield tag="650" ind1=" " ind2=" ">
      <subfield code="a">cărţi liturgice</subfield>
    </datafield>
    <datafield tag="650" ind1=" " ind2=" ">
      <subfield code="a">teologie</subfield>
    </datafield>
    <datafield tag="650" ind1=" " ind2=" ">
      <subfield code="a">carte românească veche</subfield>
    </datafield>
    <datafield tag="995" ind1=" " ind2=" ">
      <subfield code="a">Colecţii Speciale - BRV</subfield>
      <subfield code="D">0.01</subfield>
      <subfield code="e">BRV332</subfield>
      <subfield code="F">Sediul_Central_A</subfield>
      <subfield code="j">290 BRV</subfield>
      <subfield code="U">Available</subfield>
      <subfield code="W">Dec 16, 2019</subfield>
      <subfield code="y">BRV332</subfield>
      <subfield code="Z">Împrumut la Sala</subfield>
    </datafield>
  </record>