
  <record>
    <leader>00000nam a2200000 a 4500</leader>
    <controlfield tag="001">BJSB448834</controlfield>
    <controlfield tag="008">191216s1753####|||||||||||||||||#||####u</controlfield>
    <datafield tag="050" ind1=" " ind2=" ">
      <subfield code="a">094.1(498); 264-15</subfield>
    </datafield>
    <datafield tag="245" ind1="0" ind2="0">
      <subfield code="a">Catavasiariu acum a treia oară tipărită cu blagoslovenia, şi cheltuiala Sfinţii sale iubitoriului de Dumnezeu Grigorie Episcopul Râmnicului în Sfânta Episcopie Râmnicului: la anul dela Hs 1753: prin diortosirea lui Lavrentie Iromonah: Dimitrie, vici: sau tipărit de Popa Constandin: Atanasie: vici: Tipograful Râmnicului.</subfield>
      <subfield code="c">Editor Grigorie, Episcopul Râmnicului; trad. Lavrentie Dimitrievici, ieromonah; tipograf Popa Constandin Atanasievici</subfield>
      <subfield code="h">[Carte tipărită]</subfield>
    </datafield>
    <datafield tag="250" ind1=" " ind2=" ">
      <subfield code="a">Ed. a 3-a</subfield>
    </datafield>
    <datafield tag="260" ind1=" " ind2=" ">
      <subfield code="a">Râmnic</subfield>
      <subfield code="b">Tipografia Episcopiei Râmnicului</subfield>
      <subfield code="c">1753</subfield>
    </datafield>
    <datafield tag="300" ind1=" " ind2=" ">
      <subfield code="a">[1] f.; 216 f. ; 15 cm</subfield>
    </datafield>
    <datafield tag="500" ind1=" " ind2=" ">
      <subfield code="a">Legătura: coperţi din lemn legate în piele; cheotorile sunt funcţionale. Însemnări: coperta 2: In ziua de Rasali au fostu timpu frumos si forte caldurosu [...] Nicolau Nicorescu anu 886. Teodoru Davidu; fila de gardă v: La anul 1848 după Dieta Ţării fiind Prea Milostivul nostru înpărat Ferdinand dulce părintele noao neau scuos din jugu robii şi au şters iobăgia din toată ţara şi au făcut neamu rumânesc asemenea cu alte neamuri; prima filă de gardă de la sfârşitul cărţii: La anu 1848 în zilele şi întru înpărăţia înpăratului, şi al nostru bunului şi milostivului şi de Dumnezeu încorunatui înpărat Ferdinand şi a soţii sale prea Milostiva înpărăteasă Maria Ana Carolina fecioara craiului; prima filă de gardă v: Victor Emanuil din Sardinia fiind neamul nostru românii din Ardeal şi din Ţara Ungurească asuprit şi năcăjit de unguri atâta de rău cât slujea pe unguri mai mult decât; fila 2 de gardă: au slujit jidovii pre faraon: şi ajutaind Dumnezeu la mai sus pomenitul înpărat au scos şi şters iobăgia din toate dările asămenea cu toţi oamenii din ţară să poarte greotăţile şi grofii şi baronii; fila 2 de gardă v:  asemenea cu cel mai de jos să poarte toată greotăţile ţării; În anul 1848 au omorât ungurii la Tarnava în Criş (?) la vreo 800 de romani şi au ars toate satele din ţinutul Crişului adecă din Zarand numai satu Dobea [...] şi Juncu Tomnatecu; fila 3 de gardă: Stănifa [...] pitră acestia au rămas ne arse; La anu 1849 la 23 aprilie la Abrud sau bătut ungurii cu românii în tunuri şi în puşte [...] şi în săcuri şi pe [...] fost moarte groznică multe mii de suflete au perit şi în Zăranduri au biruit români pe unguri şi au luat armele de la ei, şi odată au rămas oraşu Abrud Zlatna Aiudu; fila 3 de gardă v: Pustiu de unguri [...] au fugit de frica românilor. Sasii odatu au jurat credinţă înpăratului şi dară sau dat cătră unguri. Săcui de 5 ori au jurat credinţă înpăratului şi tot sau [...] dat. Romani au stat totdeauna credincioşi; coperta 3: Teodoru Davidu au fostu cantor 882/14; In anul 1885 subscrisul amu fungatu ca invatiatoriu în ambe Iancurile (?), de Susu şi de josu. Nicolau Nicorescu invăţ. Rom. gr. ort. Nascut in Comuna Lupşa (?). Observaţii: fila 7 lipseşte, înlocuită cu o filă manuscris; fila 213 e manuscris; ştampilă dreptunghiulară cu textul Biblioteca „Astrei” (Asociaţiunea pentru lit. rom. şi cultura poporului român). Centrala Sibiu. Nr. II</subfield>
    </datafield>
    <datafield tag="650" ind1=" " ind2=" ">
      <subfield code="a">teologie</subfield>
    </datafield>
    <datafield tag="650" ind1=" " ind2=" ">
      <subfield code="a">cărţi liturgice</subfield>
    </datafield>
    <datafield tag="650" ind1=" " ind2=" ">
      <subfield code="a">carte românească veche</subfield>
    </datafield>
    <datafield tag="650" ind1=" " ind2=" ">
      <subfield code="a">catavasier</subfield>
    </datafield>
    <datafield tag="995" ind1=" " ind2=" ">
      <subfield code="a">Colecţii Speciale - BRV</subfield>
      <subfield code="D">0.01</subfield>
      <subfield code="e">BRV059</subfield>
      <subfield code="F">Sediul_Central_A</subfield>
      <subfield code="j">286 BRV</subfield>
      <subfield code="U">Available</subfield>
      <subfield code="W">Dec 16, 2019</subfield>
      <subfield code="y">BRV059</subfield>
      <subfield code="Z">Împrumut la Sala</subfield>
    </datafield>
  </record>