
  <record>
    <leader>00000nam a2200000 a 4500</leader>
    <controlfield tag="001">BJSB448833</controlfield>
    <controlfield tag="008">191216s1750####|||||||||||||||||#||####u</controlfield>
    <datafield tag="050" ind1=" " ind2=" ">
      <subfield code="a">094.1(498); 264-15</subfield>
    </datafield>
    <datafield tag="245" ind1="0" ind2="0">
      <subfield code="a">Octoih ce să zice elineşte Paraclitichi întâiu tipărită deplin rumâneşte întru a doao domnie a Țărei Rumâneşti: a Luminatului domn Io Grigorie Ghica Voevod. Cu blagoslovenia Prea Sfinţitului Mitropolit al Ungrovlahiei Neofit. Prin osârdia şi toată chieltuiala sfinţiei sale iubitoriului de Dumnezeu Chir Grigorie Episcopul Râm. În Sfânta Episcopie a Râm: la anii dela Adam 7258, iar dela Hs 1750. De cucernicul între preoţi, Popa Mihai Atanasie Popovici: Tipograful Rămnicului.</subfield>
      <subfield code="c">Editor Neofit, Mitropolitul Ungrovlahiei; tipograf Popa Mihai Atanasie Popovici</subfield>
      <subfield code="h">[Carte tipărită]</subfield>
    </datafield>
    <datafield tag="250" ind1=" " ind2=" ">
      <subfield code="a">Ed. 1</subfield>
    </datafield>
    <datafield tag="260" ind1=" " ind2=" ">
      <subfield code="a">Râmnic</subfield>
      <subfield code="b">Tipografia Episcopiei Râmnicului</subfield>
      <subfield code="c">1750</subfield>
    </datafield>
    <datafield tag="300" ind1=" " ind2=" ">
      <subfield code="a">f. 1-12, 14-366 ; 29 cm</subfield>
    </datafield>
    <datafield tag="500" ind1=" " ind2=" ">
      <subfield code="a">Greşeli de paginaţie: fila 105 e numerotată 106; fila 116 e numerotată 106. Legătura: lipsă coperţi, se află în folie de protecţie. Însemnări: fila 1: ceastă Sfântă carte; fila 2: adecă Octoih lam compărat; fila 3: eu Smeda monah; fila 4: Dela Părintele [...]; fila 5: e [...] rămnicui; fila 6: şi iastă (?) a mă dărui schitul Frăsănei; fila 7: însă pentru a mea vecinică pomenire şi [...]; fila 8: [...] Stefan monah [...]; fila 9: [...] cine sar ispiti a o înstreina; fila 12: al mieu suflet şi  pentru (?); fila 14: a să judeca; fila 15: cu prea Sfânt de Dumnezeu; fila 16: Născătoare şi cu hramu Sfintei biserici carele este; fila 17: Ioan Botezătorul; fila 18: şi şa dasăm (?) de toate păcatele mele; fila 19: fiind că [...] dădui [...] Sfinţite; fila 20: şi cine să va învrednici de o va ceti; fila 21: tot va pome[...] că tă luminaza; fila 22: aprins [...] şi de Dumnezeu să milostiveşte; fila 23: spre cel o adus 1761; fila 24: [...]; fila 25: sub pătrar (?) [...]; fila 26: [...]; fila 27: [...]; fila 28: şi [...] să va [...]. Observaţii: exemplar incomplet; lipsesc primele patru file nenumerotate și ultimele 6 file numerotate; fila de titlu a fost reprodusă din Bibliografia Românească Veche, vol. II, p. 113-119; numeroase pete de ceară pe mai multe file; ultima filă, anexat un bilet cu textul: Anticariat Sibiu Lei 313.</subfield>
    </datafield>
    <datafield tag="650" ind1=" " ind2=" ">
      <subfield code="a">carte românească veche</subfield>
    </datafield>
    <datafield tag="650" ind1=" " ind2=" ">
      <subfield code="a">teologie</subfield>
    </datafield>
    <datafield tag="650" ind1=" " ind2=" ">
      <subfield code="a">cărţi liturgice</subfield>
    </datafield>
    <datafield tag="650" ind1=" " ind2=" ">
      <subfield code="a">octoih</subfield>
    </datafield>
    <datafield tag="995" ind1=" " ind2=" ">
      <subfield code="a">Colecţii Speciale - BRV</subfield>
      <subfield code="D">0.01</subfield>
      <subfield code="e">BRV346</subfield>
      <subfield code="F">Sediul_Central_A</subfield>
      <subfield code="j">277 BRV</subfield>
      <subfield code="U">Available</subfield>
      <subfield code="W">Dec 16, 2019</subfield>
      <subfield code="y">BRV346</subfield>
      <subfield code="Z">Împrumut la Sala</subfield>
    </datafield>
  </record>