
  <record>
    <leader>00000nam a2200000 a 4500</leader>
    <controlfield tag="001">BJSB448832</controlfield>
    <controlfield tag="008">191216s1750####|||||||||||||||||#||####u</controlfield>
    <datafield tag="050" ind1=" " ind2=" ">
      <subfield code="a">094.1(498); 264-15; 226</subfield>
    </datafield>
    <datafield tag="245" ind1="0" ind2="0">
      <subfield code="a">Sfânta şi Dumnezeiasca Evanghelie acum întâi tipărită, întru a doao domnie a Țării Rumâneşti, a Prea Înălţatului domn Io Grigorie Ghica Voevod iară cu blagosşovenia şi toată cheltuiala a Prea Sfinţitului Chir Neofit Criteanul, Mitropolitul a toatei Țării Rumâneşti, şi exarh plaiurilor. Și sau tipărit cu scara ei după o rânduială cei greceşti. În Sfânta Mitropolie în Bucureşti la anii dela zidirea lumii 7258. De Barbul Cuv: i Grigorie tipografi.</subfield>
      <subfield code="c">Editor Neofit Criteanul, Mitropolitul Țării Românești</subfield>
      <subfield code="h">[Carte tipărită]</subfield>
    </datafield>
    <datafield tag="250" ind1=" " ind2=" ">
      <subfield code="a">Ed. 1</subfield>
    </datafield>
    <datafield tag="260" ind1=" " ind2=" ">
      <subfield code="a">București</subfield>
      <subfield code="b">Tipografia Sfintei Mitropolii</subfield>
      <subfield code="c">1750</subfield>
    </datafield>
    <datafield tag="300" ind1=" " ind2=" ">
      <subfield code="a">[3] f.; 182 f.; [19] f. ; 32 cm</subfield>
    </datafield>
    <datafield tag="500" ind1=" " ind2=" ">
      <subfield code="a">Legătura: coperţi din lemn legate în piele; se mai păstrează urmele cheotorilor; coperta 1: un chenar cu motive geometrice şi florale încadrează scena Răstignirii. Greşeli de paginaţie: fila 33 e numerotată 32; fila 147 e numerotată 145 Însemnări: fila de gardă: Cel mai sus să numeşte să numeşte [...] empirihcesc empirihcesc pre care [...] şi sfinţi în reu şi sufletul drepţilor al 2 [...] cătră acela [...] ceriurile şi cătră acela [...] cu [...] ce sau luat [...] cu stele; Aciasta S. Evanghelia sau luat prin cure(...) dela Diacu Molduvan Ioan neputând îndrepta ca tatiso pentru dao serindare sau luat pe sama lui parintelui însă cumpărânduo care cu [...] şi înainte tuturor curatoriloram jurat eu Marişan Simion [...] veşnica pomenire la beserica din Sacadatu în 1850 17 Decem. Înainte curatorilor. Szave Iaden (?). Lung Gligor. Pap Mihaly [...] Szave Iakobb [...]. Sau scris prin mine Abraham Ioannu Parochu Locului; fila de gardă v: Pentru că au furat Marişan Simion să [...] sama părintelui meu sau luat  [...] în dreapta [...] caută [...] pe sama S. Besereci 1850 noenvrie 18 Ioan Moldovan cantor Saladgiului (?) Numai [...]; fila 3 nenumerotată: Această Sf Evanghelie sau cumpărat [...] pe sama lui popa Vasilie [...] dila Zaland(?) şi săsă pomnească el şi [...] la Sfânta Liturghie; fila 1: Această Sfântă Liturghie sau; fila 1 v: cumpărat Moroşan Ghirasim; fila 2: din Salandi şi cu un [...]; fila 2 v: pentru trisprezece vonaşi; fila 3: florinţi fiind numai [...]; fila 3 v: şi lau cumpărat acesta [...]; fila 4: pe sama [...] preot Moldovan Vasilie  [...] la S. Slujba slujind; fila 4 v: S Părinte să pomenească pre; fila 5: numitul mai nainte scris cumpărător; fila 5 v: din preună şi pre soaţa [...]; fila 6: Marie şi [...] dumnilor sale Simion; fila 6 v: fiica Anica Costac Ioan întru; fila 7: pomenire văşnească, şi cine oar streina; fila 7 v: sau oar luo sau a fura să fie; fila 8: afurisit de 318 de Părinţi Sfinţi; fila 8 v: ce au fost în Nichie încă săsă verse; fila 9: maţele ca alui Arie celui ce ar; fila 9 v: strămuta această pomenire vecinică; fila 10: dela Molduvan Vasilie preotul [...]; fila 10 v: voe cumpără [...] care cu; fila 11: [...] au dat acestu dao [...]; fila 11 v: şi nime să nu poată înstreina; fila 12: această odată în mila Marelui Dumnezeu dat primitoriului tuturor mişeilor sau scris acest zapis în luna lui săptembrie 29 Anul 1804 prin [...]; fila 22: şi [...] primitoriu [...]; fila 22 v: Vasilie Moldovan preot; fila 23: [...] carte mare; fila 23 v: şi beserica în [...]; fila 24: [...]; fila 24 v: nici o carte casă [...]; fila 25: casă pomenesc [...] înapoi la Ioan Evanghelist; fila 25 v: în [...] me şi cine ar; fila 26: [...] satu; fila 26 v: afar din uitară sau [...] adecă pentru ce [...] ca să nu pentru; fila 27: [...]; fila 30 v: Cu popa Vasilie Moldovan; fila 31: [...] stăpânitoriu [...] şi [...]; fila 31 v: aceşti sfinte după Dumnezeu; fila 32: şi după sfinţi Evangheleşt; fila 32 v: sânt şi propovetuitoriu; fila 32 [33]: şi învăţător din [...]; fila 32 v [33 v]: sară cu darul lui Dumnezeu [...]; ce sânt [...] daru care [...] întru mine; fila 35: cu în zădar mi lau dat; fila 36: ce ca să să înmulţască întru mine; fila 37: [...] zioa şi noaptea [...] şi [...] temândusă (?); fila 38: că nu ştiu taină [...] şi cu [...]; fila 39: mai aspră fodulitoare am  [...] lui Dumnezeu; fila 40: socotind săi fac [...] duhovnicesc (?) [...] şi so făcut pizmaş adeca cortul meu [...]; fila 41: au fost [...] linaşte zile nişte [...] deşiartă; fila 42: şi aşa [...] nui putem îndrepta fără de; fila 43: de [...] şi dintru [...] mi sau făcut [...] pizmuş; fila 44: şi aşa ducând ocara au Hs rămâo Vaseliă Moldovan în Zaland [...]; fila 72 v: şi aşa [...]; fila 73: în [...]; fila 73 v: pomenire; fila 74 v: de [...]; fila 75 v: scrie; fila 76: [...]; fila 77: Moldovan; fila 78: Vasilie; fila 79: din; fila 80: Zaland; fila 81: parocuş; fila 98 v: Această Sfântă Evanghelie [...] Moldovan Vasilie preot; fila 18 nenumerotată: Sava Gheorghe Cantor La Anu 1915 Si pun la Anul 1960; fila de gardă de la sfârşitul cărţii v; [...] Moldovan Vasilie [...]. Observaţii: pete de ceară pe mai multe file; coperta 2 anexat un bilet cu ştampilă cu textul: Anticariat 1625 [lei].</subfield>
    </datafield>
    <datafield tag="650" ind1=" " ind2=" ">
      <subfield code="a">evanghelii</subfield>
    </datafield>
    <datafield tag="650" ind1=" " ind2=" ">
      <subfield code="a">carte românească veche</subfield>
    </datafield>
    <datafield tag="650" ind1=" " ind2=" ">
      <subfield code="a">cărţi liturgice</subfield>
    </datafield>
    <datafield tag="995" ind1=" " ind2=" ">
      <subfield code="a">Colecţii Speciale - BRV</subfield>
      <subfield code="D">0.01</subfield>
      <subfield code="e">BRV361</subfield>
      <subfield code="F">Sediul_Central_A</subfield>
      <subfield code="j">275 BRV</subfield>
      <subfield code="U">Available</subfield>
      <subfield code="W">Dec 16, 2019</subfield>
      <subfield code="y">BRV361</subfield>
      <subfield code="Z">Împrumut la Sala</subfield>
    </datafield>
  </record>