
  <record>
    <leader>00000nam a2200000 a 4500</leader>
    <controlfield tag="001">BJSB448831</controlfield>
    <controlfield tag="008">191214s1750####|||||||||||||||||#||####u</controlfield>
    <datafield tag="050" ind1=" " ind2=" ">
      <subfield code="a">094.1(498); 264-15</subfield>
    </datafield>
    <datafield tag="245" ind1="0" ind2="0">
      <subfield code="a">Catavasiariu acum a doao oară tipărit în zilele Prea Luminatului domn, Io Grigorie Ghica Voevod. Cu blagoslovenia şi porunca, şi chieltuiala Sfinţiei sale de Dumnezeu iubitoriul Chir Grigorie Episcopul Râmnicului, în Sfânta Episcopie a Râmnicului la anul 7258. Sau tipărit de cucernicul între preoţi Popa Mihai Atanasie Popovici Tipograful Râmnicului.</subfield>
      <subfield code="c">Editor Grigorie, Episcopul Râmnicului; tipograf Popa Mihai Atanasie Popovici</subfield>
      <subfield code="h">[Carte tipărită]</subfield>
    </datafield>
    <datafield tag="260" ind1=" " ind2=" ">
      <subfield code="a">Râmnic</subfield>
      <subfield code="b">Tipografia Râmnicului</subfield>
      <subfield code="c">1750</subfield>
    </datafield>
    <datafield tag="300" ind1=" " ind2=" ">
      <subfield code="a">[1] f.; f. 3-183, 185-207</subfield>
    </datafield>
    <datafield tag="500" ind1=" " ind2=" ">
      <subfield code="a">Legătură: coperţi din carton legate în piele. Greşeli de paginaţie: fila 16 e numerotată 15; fila 152 e numerotată 123; fila 155 e numerotată 125; fila 157 e numerotată 127; fila 159 e numerotată 129; fila 207 e numerotată 200 (numerotarea continuă greşit). Însemnări: coperta 2: o serie de socoteli; fila de gardă de la începutul cărţii: Această Sfântă Carte Catavaseariu sau cumpărat cu 2 groşi şi 30 de Mihăilă fiind [...] şi oau dăruit pe sama beserecii ne unite la Adămuş întru pomenirea [...] şi de sar uni beserica mihăilă să o poată muta la beserica neunită unde ar vrea (?); fila de gardă 2: finitate fini(...); Pentru rugăciunile Sfinţilor Părinţilor noştrii Doamne Is Hs fiul lui Dumnezeu miluieşte-ne pe noi; fila de gardă de la sfârşitul cărţii: [...] 1: fl. Bani. 2: pă: de ciorici. 2: [...]. 2: p de iznăi. Cuşmă pălării. [...] curăle glu cheptare pălării brăcinariu [...]; 1900; 1896; încercări de condei. Observaţii: coperta 3: ştampilă cu textul Anticariat 375 [Lei]; coperta 2: anexat un bilet cu textul: Târnăveni, Cărţi incunabile ale preot Marcoviciu Asachie 1927.</subfield>
    </datafield>
    <datafield tag="650" ind1=" " ind2=" ">
      <subfield code="a">cărţi liturgice</subfield>
    </datafield>
    <datafield tag="650" ind1=" " ind2=" ">
      <subfield code="a">catavasier</subfield>
    </datafield>
    <datafield tag="650" ind1=" " ind2=" ">
      <subfield code="a">carte românească veche</subfield>
    </datafield>
    <datafield tag="995" ind1=" " ind2=" ">
      <subfield code="a">Colecţii Speciale - BRV</subfield>
      <subfield code="D">0.01</subfield>
      <subfield code="e">BRV366</subfield>
      <subfield code="F">Sediul_Central_A</subfield>
      <subfield code="j">273 BRV</subfield>
      <subfield code="U">Available</subfield>
      <subfield code="W">Dec 14, 2019</subfield>
      <subfield code="y">BRV366</subfield>
      <subfield code="Z">Împrumut la Sala</subfield>
    </datafield>
  </record>