
  <record>
    <leader>00000nam a2200000 a 4500</leader>
    <controlfield tag="001">BJSB448830</controlfield>
    <controlfield tag="008">191214s1829####|||||||||||||||||#||####u</controlfield>
    <datafield tag="050" ind1=" " ind2=" ">
      <subfield code="a">094.1(498); 264-15; 264-13</subfield>
    </datafield>
    <datafield tag="245" ind1="0" ind2="0">
      <subfield code="a">Psaltirea Prorocului şi Înpăratului David. Care acum întâia oară sau tipărit după venirea armiei a preaputernicului şi a toată pravoslavia apărătoriu, Nicolae Pavlovici Înpărat a toată Rossia: iproci, iproci, iproci. Și cu blagoslovenia celui de acum Mitropolit Chiriu Chir Grigorie. În Bucureşti. În Tipografia dela Cişmea. 1829.</subfield>
      <subfield code="c">Editor Grigorie Mitropolitul Ungrovlahiei</subfield>
      <subfield code="h">[Carte tipărită]</subfield>
    </datafield>
    <datafield tag="260" ind1=" " ind2=" ">
      <subfield code="a">București</subfield>
      <subfield code="b">Tipografia de la Cișmea a lui Mavroghenie</subfield>
      <subfield code="c">1829</subfield>
    </datafield>
    <datafield tag="300" ind1=" " ind2=" ">
      <subfield code="a">276 p. ; 18 cm</subfield>
    </datafield>
    <datafield tag="500" ind1=" " ind2=" ">
      <subfield code="a">Greşeli de paginație: p. 139 e numerotată 149. Legătura: coperţi din carton învelite în piele. Însemnări: fila de gardă de la începutul cărţii: Această psaltire este a lui [...] 1834 [...]; [...]; fila de gardă de la începutul cărţii v: Această Psaltire sau cumpărat de mine cu preţu de şasi lei dela un cinonic scriitor al Divanului Domnescu. Cari să va ispiti a o lua să fie blestemat de [...] S. P. din Nikeea şi [...] 1835 sept (?) 4.</subfield>
    </datafield>
    <datafield tag="650" ind1=" " ind2=" ">
      <subfield code="a">cărţi liturgice</subfield>
    </datafield>
    <datafield tag="650" ind1=" " ind2=" ">
      <subfield code="a">psaltire</subfield>
    </datafield>
    <datafield tag="650" ind1=" " ind2=" ">
      <subfield code="a">carte românească veche</subfield>
    </datafield>
    <datafield tag="650" ind1=" " ind2=" ">
      <subfield code="a">teologie</subfield>
    </datafield>
    <datafield tag="995" ind1=" " ind2=" ">
      <subfield code="a">Colecţii Speciale - BRV</subfield>
      <subfield code="D">0.01</subfield>
      <subfield code="e">BRV283</subfield>
      <subfield code="F">Sediul_Central_A</subfield>
      <subfield code="j">479 IV BRV</subfield>
      <subfield code="U">Available</subfield>
      <subfield code="W">Dec 14, 2019</subfield>
      <subfield code="y">BRV283</subfield>
      <subfield code="Z">Împrumut la Sala</subfield>
    </datafield>
  </record>