
  <record>
    <leader>00000nam a2200000 a 4500</leader>
    <controlfield tag="001">BJSB448829</controlfield>
    <controlfield tag="008">191214s1821####|||||||||||||||||#||####u</controlfield>
    <datafield tag="050" ind1=" " ind2=" ">
      <subfield code="a">094.1(498); 264-15</subfield>
    </datafield>
    <datafield tag="245" ind1="0" ind2="0">
      <subfield code="a">Acatistul Prea Sfintei Născătoarei de Dumnezeu şi alte acatiste şi rugăciuni foarte evlavice şi de folos. Sibiu. În tipografia lui Ioann Bart. 1821.</subfield>
      <subfield code="h">[Carte tipărită]</subfield>
    </datafield>
    <datafield tag="260" ind1=" " ind2=" ">
      <subfield code="a">Sibiu</subfield>
      <subfield code="b">Tipografia Ioan Bart</subfield>
      <subfield code="c">1821</subfield>
    </datafield>
    <datafield tag="300" ind1=" " ind2=" ">
      <subfield code="a">[2] f.; p. 1-22, 27-218, 221-360, 363-382 ; 13 cm</subfield>
    </datafield>
    <datafield tag="500" ind1=" " ind2=" ">
      <subfield code="a">Greşeli de paginaţie: p. 371 numerotată 370. Legătura: copertă din lemn, legată în piele; s-a mai păstrat doar coperta 1; lipsă cotor; s-a păstrat fragmentar învelitoarea din piele a coperţii; s-au păstrat urmele cheotorilor. Însemnări: coperta 2: 1881; încercări de condei. Observaţii: exemplar incomplet, lipsesc paginile: 23-26, 219-220, 361-362; 383-388; p. 237-238 au fost legate greşit între p. 360-363; fila de gardă, ştampilă cu textul: Anticariat Sibiu. Lei 625.</subfield>
    </datafield>
    <datafield tag="650" ind1=" " ind2=" ">
      <subfield code="a">cărţi liturgice</subfield>
    </datafield>
    <datafield tag="650" ind1=" " ind2=" ">
      <subfield code="a">acatiste</subfield>
    </datafield>
    <datafield tag="650" ind1=" " ind2=" ">
      <subfield code="a">carte românească veche</subfield>
    </datafield>
    <datafield tag="856" ind1=" " ind2=" ">
      <subfield code="u">http://www.dspace.bjastrasibiu.ro/bitstream/123456789/2322/1/BJA_CS_000473_CRV_0001-0416.pdf</subfield>
    </datafield>
    <datafield tag="995" ind1=" " ind2=" ">
      <subfield code="a">Colecţii Speciale - BRV</subfield>
      <subfield code="D">0.01</subfield>
      <subfield code="e">BRV473</subfield>
      <subfield code="F">Sediul_Central_A</subfield>
      <subfield code="j">1110 BRV</subfield>
      <subfield code="U">Available</subfield>
      <subfield code="W">Dec 14, 2019</subfield>
      <subfield code="y">BRV473</subfield>
      <subfield code="Z">Împrumut la Sala</subfield>
    </datafield>
  </record>