
  <record>
    <leader>00000nam a2200000 a 4500</leader>
    <controlfield tag="001">BJSB448828</controlfield>
    <controlfield tag="008">191214s1819####|||||||||||||||||#||####u</controlfield>
    <datafield tag="050" ind1=" " ind2=" ">
      <subfield code="a">094.1(498); 262.16</subfield>
    </datafield>
    <datafield tag="100" ind1=" " ind2=" ">
      <subfield code="a">Moga, Vasile</subfield>
    </datafield>
    <datafield tag="245" ind1="1" ind2="0">
      <subfield code="a">Vasilie cu mila şi darul lui Dumnezeu pravoslavnic episcop, de legea grecească ne - unită din Mare Principatul Ardealului. [13 iunie 1819].</subfield>
      <subfield code="c">Vasilie Moga</subfield>
      <subfield code="h">[Carte tipărită]</subfield>
    </datafield>
    <datafield tag="260" ind1=" " ind2=" ">
      <subfield code="a">Sibiu</subfield>
      <subfield code="b">[S.n.]</subfield>
      <subfield code="c">1819</subfield>
    </datafield>
    <datafield tag="300" ind1=" " ind2=" ">
      <subfield code="a">[1] f. ; 24 cm</subfield>
    </datafield>
    <datafield tag="500" ind1=" " ind2=" ">
      <subfield code="a">Legătura: folie de protecţie. Observaţii: exemplar unic; Carte de hirotonire ca preot a lui Ioan Duma Popovici în satul Dumbrava, varmeghia Turda; text românesc tipărit cu caractere chirilice, completat în spaţiile libere cu numele celui hirtonit; în colţul din dreapta, semnătura episcopului Vasile Moga, alături de pecetea episcopiei.</subfield>
    </datafield>
    <datafield tag="650" ind1=" " ind2=" ">
      <subfield code="a">carte românească veche</subfield>
    </datafield>
    <datafield tag="650" ind1=" " ind2=" ">
      <subfield code="a">carte de hirotonire</subfield>
    </datafield>
    <datafield tag="856" ind1=" " ind2=" ">
      <subfield code="u">http://www.dspace.bjastrasibiu.ro/bitstream/123456789/10675/1/BJA_CS_000168_BRV_0001.pdf</subfield>
    </datafield>
    <datafield tag="995" ind1=" " ind2=" ">
      <subfield code="a">Colecţii Speciale - BRV</subfield>
      <subfield code="D">0.01</subfield>
      <subfield code="e">BRV168</subfield>
      <subfield code="F">Sediul_Central_A</subfield>
      <subfield code="j">1061a BRV</subfield>
      <subfield code="U">Available</subfield>
      <subfield code="W">Dec 14, 2019</subfield>
      <subfield code="y">BRV168</subfield>
      <subfield code="Z">Împrumut la Sala</subfield>
    </datafield>
  </record>