
  <record>
    <leader>00000nam a2200000 a 4500</leader>
    <controlfield tag="001">BJSB448827</controlfield>
    <controlfield tag="008">191214s1818####|||||||||||||||||#||####u</controlfield>
    <datafield tag="050" ind1=" " ind2=" ">
      <subfield code="a">094.1; 264-15; 264-13</subfield>
    </datafield>
    <datafield tag="245" ind1="0" ind2="1">
      <subfield code="a">[Psaltirea Proroc Înpăratului David acum întracestaşi chip tipărită în zilele Prea Înălţatului Domn Scarlat Calimahi Voevod. Cu blagoslovenia şi toată chieltuiala Prea Sfinţitului Mitropolit al Moldaviei Chirio Chirio Veniamin. În Tipografia Sfintei Mitropolii în Iaşi. La anii dela Hs 1818.]</subfield>
      <subfield code="c">Editor Veniamin, Mitropolitul Moldovei</subfield>
      <subfield code="h">[Carte tipărită]</subfield>
    </datafield>
    <datafield tag="260" ind1=" " ind2=" ">
      <subfield code="a">Iași</subfield>
      <subfield code="b">Tipografia Sfintei Mitropolii</subfield>
      <subfield code="c">1818</subfield>
    </datafield>
    <datafield tag="300" ind1=" " ind2=" ">
      <subfield code="a">f. 2-189 ; 18 cm</subfield>
    </datafield>
    <datafield tag="500" ind1=" " ind2=" ">
      <subfield code="a">Greşeli de paginaţie: fila 161 e numerotată 160; fila 184 e numerotată 183. Legătura: coperţi din lemn învelite în piele. Însemnări: fila 54: Petru Radila [...]; fila 85: Tiodor Popp; fila 86: Această [...] plăcut [...]; fila 86: cine o vrea să să cetiască [...]; fila 87: 1864 20 Juli; fila 187: Această carte iaste numită a lui Petru Gaiţa din [...]; Petru Gaiţa. Petru Taina. 1869. Observaţii: exemplar incomplet, lipsesc filele 1, 8, 190-200; fila de titlu a fost reprodusă din Bibliografia Românească Veche, vol. III, p. 240; se mai păstrează urmele cheotorilor; coperta 3, ştampilă cu textul: Anticariat Sibiu 625 Lei; numeroase pete de cerneală pe multe file.</subfield>
    </datafield>
    <datafield tag="650" ind1=" " ind2=" ">
      <subfield code="a">carte românească veche</subfield>
    </datafield>
    <datafield tag="650" ind1=" " ind2=" ">
      <subfield code="a">psaltire</subfield>
    </datafield>
    <datafield tag="650" ind1=" " ind2=" ">
      <subfield code="a">cărţi liturgice</subfield>
    </datafield>
    <datafield tag="650" ind1=" " ind2=" ">
      <subfield code="a">teologie</subfield>
    </datafield>
    <datafield tag="995" ind1=" " ind2=" ">
      <subfield code="a">Colecţii Speciale - BRV</subfield>
      <subfield code="D">0.01</subfield>
      <subfield code="e">BRV453</subfield>
      <subfield code="F">Sediul_Central_A</subfield>
      <subfield code="j">988 BRV</subfield>
      <subfield code="U">Available</subfield>
      <subfield code="W">Dec 14, 2019</subfield>
      <subfield code="y">BRV453</subfield>
      <subfield code="Z">Împrumut la Sala</subfield>
    </datafield>
  </record>