
  <record>
    <leader>00000nam a2200000 a 4500</leader>
    <controlfield tag="001">BJSB448826</controlfield>
    <controlfield tag="008">191214s1817####|||||||||||||||||#||####u</controlfield>
    <datafield tag="050" ind1=" " ind2=" ">
      <subfield code="a">094.1(498); 264-15; 264-13</subfield>
    </datafield>
    <datafield tag="245" ind1="0" ind2="0">
      <subfield code="a">Psaltirea Prorocului şi Înpăratului David acum întru acest chip tipărită în zilele Prea Luminatului domnului nostru Scarlat Alexandru Calimah Voevod cu blagoslovenia Preaosfinţitului Mitropolit al Moldaviei Chiriu Chir Veniamin prin oserdia cuviosului arhim: şi stareţ al Sfânt: Monastiri Neamţ: şi Secului Chir Silvestru. În Sfânta Monastire Neamţul. La anul dela Hs, 1817.</subfield>
      <subfield code="c">Editor Veniamin, Mitropolitul Moldovei, Silvestru, starețul Mânăstirii Neamț</subfield>
      <subfield code="h">[Carte tipărită]</subfield>
    </datafield>
    <datafield tag="260" ind1=" " ind2=" ">
      <subfield code="a">Mânăstirea Neamț</subfield>
      <subfield code="b">[S.n.]</subfield>
      <subfield code="c">1817</subfield>
    </datafield>
    <datafield tag="300" ind1=" " ind2=" ">
      <subfield code="a">[6] f.; 191 f.; [6] f. ; 30 cm</subfield>
    </datafield>
    <datafield tag="500" ind1=" " ind2=" ">
      <subfield code="a">Greşeli de paginaţie: fila 36 e numerotată 35; fila 87 este nenumerotată; fila 88 e numerotată 85 (numerotarea continuă); fila 93 e numerotată 95; fila 97 e numerotată 101; fila 100 e numerotată 104; fila 162 e numerotată 164. Legătura: coperţi din lemn, legate în piele; se mai păstrează urmele cheotorilor. Însemnări: coperta 2: Ionel Lupescu cl I supe [...] 30 I 1929; coperta 3: Maica Mina Hociota. Judeţ Muscel. Câmp Lung. Mînăstirea Mămoeşti. Mioriţa Răchiţan. Lupescu Ionel. Observaţii: coperta 3, textul: Anticariat Sibiu 1000 lei.</subfield>
    </datafield>
    <datafield tag="650" ind1=" " ind2=" ">
      <subfield code="a">cărţi liturgice</subfield>
    </datafield>
    <datafield tag="650" ind1=" " ind2=" ">
      <subfield code="a">carte românească veche</subfield>
    </datafield>
    <datafield tag="650" ind1=" " ind2=" ">
      <subfield code="a">psaltire</subfield>
    </datafield>
    <datafield tag="650" ind1=" " ind2=" ">
      <subfield code="a">teologie</subfield>
    </datafield>
    <datafield tag="856" ind1=" " ind2=" ">
      <subfield code="u">http://www.dspace.bjastrasibiu.ro/bitstream/123456789/10374/1/BJA_CS_000474_CRV_0001-0410.pdf</subfield>
    </datafield>
    <datafield tag="995" ind1=" " ind2=" ">
      <subfield code="a">Colecţii Speciale - BRV</subfield>
      <subfield code="D">0.01</subfield>
      <subfield code="e">BRV474</subfield>
      <subfield code="F">Sediul_Central_A</subfield>
      <subfield code="j">946 BRV</subfield>
      <subfield code="U">Available</subfield>
      <subfield code="W">Dec 14, 2019</subfield>
      <subfield code="y">BRV474</subfield>
      <subfield code="Z">Împrumut la Sala</subfield>
    </datafield>
  </record>