
  <record>
    <leader>00000nam a2200000 a 4500</leader>
    <controlfield tag="001">BJSB448825</controlfield>
    <controlfield tag="008">191214s1817####|||||||||||||||||#||####u</controlfield>
    <datafield tag="050" ind1=" " ind2=" ">
      <subfield code="a">094.1(498); 264-15; 264-13</subfield>
    </datafield>
    <datafield tag="245" ind1="0" ind2="0">
      <subfield code="a">Psaltirea Prorocului şi Înpăratului David acum a patra oară tipărită în zilele Prea Înălţatului Înpărat al Austriei Francisc întâiul întru care se cuprind catismele, cântările, şi psalmii cei aleşi dinpreună cu rânduialele lor, ş.c.l. La Buda. Tipărită cu chieltuiala Crăeştii Tipografii a Universitatei Ungariei. 1817.</subfield>
      <subfield code="h">[Carte tipărită]</subfield>
    </datafield>
    <datafield tag="250" ind1=" " ind2=" ">
      <subfield code="a">Ed. a 4-a</subfield>
    </datafield>
    <datafield tag="260" ind1=" " ind2=" ">
      <subfield code="a">Buda</subfield>
      <subfield code="b">Crăiasca Tipografie a Universității Ungurești</subfield>
      <subfield code="c">1817</subfield>
    </datafield>
    <datafield tag="300" ind1=" " ind2=" ">
      <subfield code="a">[8] f.; 495 p. ; 17 cm</subfield>
    </datafield>
    <datafield tag="500" ind1=" " ind2=" ">
      <subfield code="a">Greşeli de paginație: p. 372 e numerotată 373; p. 373 e numerotată 372. Legătura: carton recent marmorat; cotorul şi colţurile legate în piele. Însemnări: fila de gardă de la început: Cornelus Popescu; foaia de titlu: Popovici Taila (?); foaia de titlu v: Popescu Emilian student teolog II; fila 4v: Corneliu Popescu; p. 207: Trupul [...] 842; p. 345: [...] Trupul [...] 842 [...]; foaia de gardă de la sfârşit: [...] 859. Observaţii: exemplar incomplet, lipsesc p. 187-188; pe coperta 3 este lipită o filă având textul: Psaltire, Buda, 1817 lei 500. Anticariat Sibiu.</subfield>
    </datafield>
    <datafield tag="650" ind1=" " ind2=" ">
      <subfield code="a">carte românească veche</subfield>
    </datafield>
    <datafield tag="650" ind1=" " ind2=" ">
      <subfield code="a">cărţi liturgice</subfield>
    </datafield>
    <datafield tag="650" ind1=" " ind2=" ">
      <subfield code="a">psaltire</subfield>
    </datafield>
    <datafield tag="856" ind1=" " ind2=" ">
      <subfield code="u">http://www.dspace.bjastrasibiu.ro/bitstream/123456789/10371/1/BJA_CS_000342_CRV_0001-0514.pdf</subfield>
    </datafield>
    <datafield tag="995" ind1=" " ind2=" ">
      <subfield code="a">Colecţii Speciale - BRV</subfield>
      <subfield code="D">0.01</subfield>
      <subfield code="e">BRV342</subfield>
      <subfield code="F">Sediul_Central_A</subfield>
      <subfield code="j">944 BRV</subfield>
      <subfield code="U">Available</subfield>
      <subfield code="W">Dec 14, 2019</subfield>
      <subfield code="y">BRV342</subfield>
      <subfield code="Z">Împrumut la Sala</subfield>
    </datafield>
  </record>