
  <record>
    <leader>00000nam a2200000 a 4500</leader>
    <controlfield tag="001">BJSB448824</controlfield>
    <controlfield tag="008">191214s1817####|||||||||||||||||#||####u</controlfield>
    <datafield tag="050" ind1=" " ind2=" ">
      <subfield code="a">094.1(498); 264-15; 226</subfield>
    </datafield>
    <datafield tag="245" ind1="0" ind2="0">
      <subfield code="a">Sfânta şi Dumnezeiasca a lui Is. Hs. Evanghelie acum a treia oară tipărită sub stăpânirea Preanălţatului Înpărat al Austriei, Marelui Prinţ al Ardealului şi celelalte. Francisc I cu blagoslovenia Exselenţiei sale Prea o sfinţitului şi Prea luminatului domn vlădica Făgăraşului. Ioann Bobb. În Blaj la Mitropolie cu tipariul seminariului la anul dela Hs: 1817.</subfield>
      <subfield code="c">Editor Ioan Bob</subfield>
      <subfield code="h">[Carte tipărită]</subfield>
    </datafield>
    <datafield tag="250" ind1=" " ind2=" ">
      <subfield code="a">Ed. a 3-a</subfield>
    </datafield>
    <datafield tag="260" ind1=" " ind2=" ">
      <subfield code="a">Blaj</subfield>
      <subfield code="b">Tiparul Seminarului</subfield>
      <subfield code="c">1817</subfield>
    </datafield>
    <datafield tag="300" ind1=" " ind2=" ">
      <subfield code="a">[4] f.; 346 p.; [1] p. ; 35 cm</subfield>
    </datafield>
    <datafield tag="500" ind1=" " ind2=" ">
      <subfield code="a">Greşeli de paginaţie: p. 91 e numerotată 94 (nemenţionată în BRV). Legătura: coperţi din lemn acoperite cu piele de culoare maronie; ornamente florale şi geometrice încadrează un medalion cu scena Răstignirii (coperta 1) şi altul al Maicii Domnului cu pruncul (coperta 4) precum şi chipurile celor patru apostoli; mai păstrează o cheotoare din piele cu alamă. Însemnări: foaia de titlu: Această Dumnezeiască Liturgicească; fila 2 nenumerotată: Evanghelie sau cumpărat română pe sama; fila 3 nenumerotată: S. Bisericii Greco-Unite din Hunedoara; fila 4: Dumnealui [...] Împărătescu Liuba; p. 1: [...] D. Iosif [...] cu dania sa; p. 3: D. Borbara [...] cu mulţi bani [...]loru; p. 5: 26 florini şi [...] se fie vecinica pomenire; p. 7: sufletelor Dumnealor şi a Părintiloru sei; p. 9: Anul dela Resc. Lumii 1844;  p. 65: Utrenie. Tăierea Cap. S. Ioan; p. 89: Imperatului; p. 113: la Ilia Profetulu... Liturgia. Observaţii: pe multe pagini picături de ceară; coperta 3 ştampilă cu textul: Anticariat Sibiu Lei 1000.</subfield>
    </datafield>
    <datafield tag="650" ind1=" " ind2=" ">
      <subfield code="a">evanghelia</subfield>
    </datafield>
    <datafield tag="650" ind1=" " ind2=" ">
      <subfield code="a">teologie</subfield>
    </datafield>
    <datafield tag="650" ind1=" " ind2=" ">
      <subfield code="a">cărţi liturgice</subfield>
    </datafield>
    <datafield tag="650" ind1=" " ind2=" ">
      <subfield code="a">carte românească veche</subfield>
    </datafield>
    <datafield tag="856" ind1=" " ind2=" ">
      <subfield code="u">http://www.dspace.bjastrasibiu.ro/bitstream/123456789/10340/1/BJA_CS_000272_CRV_0001-0362.pdf</subfield>
    </datafield>
    <datafield tag="995" ind1=" " ind2=" ">
      <subfield code="a">Colecţii Speciale - BRV</subfield>
      <subfield code="D">0.01</subfield>
      <subfield code="e">BRV272</subfield>
      <subfield code="F">Sediul_Central_A</subfield>
      <subfield code="j">940 BRV</subfield>
      <subfield code="U">Available</subfield>
      <subfield code="W">Dec 14, 2019</subfield>
      <subfield code="y">BRV272</subfield>
      <subfield code="Z">Împrumut la Sala</subfield>
    </datafield>
  </record>