
  <record>
    <leader>00000nam a2200000 a 4500</leader>
    <controlfield tag="001">BJSB448823</controlfield>
    <controlfield tag="008">191214s1817####|||||||||||||||||#||####u</controlfield>
    <datafield tag="050" ind1=" " ind2=" ">
      <subfield code="a">094.1(498); 264-15</subfield>
    </datafield>
    <datafield tag="245" ind1="0" ind2="0">
      <subfield code="a">Ceasoslov în slava lui Dumnezeu celui întru Troiţă slăvit. Acum de iznoavă îndreptate de pre cel grecesc, şi cu alte multe rugăciuni înpodobit. Carele acum sau tipărit întru acestaşi chip. În zilele Luminatului şi Prea Înnălţatului domnului nostru, Scarlat Alexandru Calimah Voevod. Întru a doa domnie a mărirei sale. Cu blagoslovenia, şi toată chieltuiala Prea Sfinţitului Mitropolit al Moldaviei chirio chirio Veniamin Costachi. În Tipografia Sfintei Mitropolii a Iaşului. La anii dela Hs 1817...</subfield>
      <subfield code="c">Editor Veniamin Costachi, Mitropolitul Moldovei; tipografi Gheorghie Popovici, Teodor Popovici</subfield>
      <subfield code="h">[Carte tipărită]</subfield>
    </datafield>
    <datafield tag="260" ind1=" " ind2=" ">
      <subfield code="a">Iași</subfield>
      <subfield code="b">Tipografia Sfintei Mitropolii</subfield>
      <subfield code="c">1817</subfield>
    </datafield>
    <datafield tag="300" ind1=" " ind2=" ">
      <subfield code="a">[6] f.; 550 p. ; 33 cm</subfield>
    </datafield>
    <datafield tag="500" ind1=" " ind2=" ">
      <subfield code="a">Paginaţie: 6 file nenumerotate + 550 p. Greşeli de pagimaţie: p. 56 e numerotată 46; p. 57 e numerotată 53; p. 80 e numerotată 85; p. 217 e numerotată 213; p. 218 e numerotată 216; p. 219 e numerotată 215; p. 220 e numerotată 216; p. 288 e numerotată 293; p. 289 e numerotată 294; p. 290 e numerotată 295; p. 291 e numerotată 296; p. 291 e numerotată 295; p. 292 e numerotată 296; p. 292 e numerotată 295; p. 293 e numerotată 298 (numărătoarea continuă de la p. 298); p. 307 e numerotată 305; p. 308 e numerotată 306; p. 328 e numerotată 327; p. 342 e numerotată 336; p. 343 e numerotată 337; p. 386 e numerotată 390; p. 387 e numerotată 379; p. 388 e numerotată 392; p. 391 e numerotată 331; p. 549 e numerotată 540 (nemenționate de BRV). Legătura: coperţi din carton învelite în piele; coperta 1 în plan central se află o cruce. Însemnări: coperta 2: Spre acum [...] întru această carte spre veci şi [...] a me sară  [...] stamate că [...] deci părinte şi maică care nu [...] tă so re sau săvârşit în viaţă în ziua [...] spre marţi la 9 ceasuri jumătate la 22 a lunii octovrie şi [...] la 22 zile aceia luni octovrie sau mormântat la sfânta biserică Euhraliu (?) a pogorirei în duhul sfânt de care  [...] stamate 1862 octovrie; Mai [...] întru aceasta că freatu fratele mai mare dintre toţi fraţii [...] stamate în vrâsta de un [...] 95, care [...] frate [...] stamate la anu 1865 noemvrie sau săvârşit în viaţă şi sau înmormântat la sfânta biserică [...] hramu a păgorârei Duhului sfânt pentru care sau [...] stamate; fila de gardă: Spre mai bună şi [...] stamate [...] prin aceasta [...] fiii răposatei sororei mele Anastasiu născută stamate soţiu răposatului [...] preot Alexandru care au fost [...] la beserica a pogorârei duhului sfânt [...] durerea. Dar apoi numitu nepot [...] Alexandru cu [...] vorbei [...] care fii [...] aproape de cel anu apoi la 13 zile lunei februarie vineri sara dela 7 ceasuri au început a i să lega glasul de a vorbi [...] la 3 ceasuri [...] despre 3 [...] sau trecut din viaţă lam înmormântat la sfânta biserică numită mai sus. De care [...] însuş [...] stamate. 1870 fevruarie în 14 zile. Stamate; fila 1 nenumerotată: [...] Georgie. Observaţii: numeroase pete de ceară.</subfield>
    </datafield>
    <datafield tag="650" ind1=" " ind2=" ">
      <subfield code="a">teologie</subfield>
    </datafield>
    <datafield tag="650" ind1=" " ind2=" ">
      <subfield code="a">carte românească veche</subfield>
    </datafield>
    <datafield tag="650" ind1=" " ind2=" ">
      <subfield code="a">ceaslov</subfield>
    </datafield>
    <datafield tag="650" ind1=" " ind2=" ">
      <subfield code="a">cărţi liturgice</subfield>
    </datafield>
    <datafield tag="856" ind1=" " ind2=" ">
      <subfield code="u">http://www.dspace.bjastrasibiu.ro/bitstream/123456789/10359/1/BJA_CS_000483_CRV_0001-0578%282%29.pdf</subfield>
    </datafield>
    <datafield tag="995" ind1=" " ind2=" ">
      <subfield code="a">Colecţii Speciale - BRV</subfield>
      <subfield code="D">0.01</subfield>
      <subfield code="e">BRV483</subfield>
      <subfield code="F">Sediul_Central_A</subfield>
      <subfield code="j">936 BRV</subfield>
      <subfield code="U">Available</subfield>
      <subfield code="W">Dec 14, 2019</subfield>
      <subfield code="y">BRV483</subfield>
      <subfield code="Z">Împrumut la Sala</subfield>
    </datafield>
  </record>