
  <record>
    <leader>00000nam a2200000 a 4500</leader>
    <controlfield tag="001">BJSB448822</controlfield>
    <controlfield tag="008">191214s1816####|||||||||||||||||#||####u</controlfield>
    <datafield tag="050" ind1=" " ind2=" ">
      <subfield code="a">094.1(498); 264-15; 264-13</subfield>
    </datafield>
    <datafield tag="245" ind1="0" ind2="0">
      <subfield code="a">Psaltirea fericitului Proroc şi Înpărat David. Cu molitvele la toate catismele, şi cu cântările lui Moisi, cu psalmi aleşi şi cu pripealele lor: cu Paraclisul Precestii: şi cu Pashalia. Acum întâiu tipărită: în zilele Prea Luminatului, şi Prea Înălţatului Înpărat al Austrii Franciscus cel din tâiu. Cu toată chieltuiala dumnealui chiriu Constantin Bogici. În Privileghiata Tipografie din Braşov, prin tipograful Fridrih Herfurt. 1816.</subfield>
      <subfield code="c">Editor Constantin Bogici; tipograf Fridrich Herfurt</subfield>
      <subfield code="h">[Carte tipărită]</subfield>
    </datafield>
    <datafield tag="250" ind1=" " ind2=" ">
      <subfield code="a">Ed. 1</subfield>
    </datafield>
    <datafield tag="260" ind1=" " ind2=" ">
      <subfield code="a">Brașov</subfield>
      <subfield code="b">Tipografia Privileghiată din Brașov</subfield>
      <subfield code="c">1816</subfield>
    </datafield>
    <datafield tag="300" ind1=" " ind2=" ">
      <subfield code="a">[4] f.; 324 p. ; 23 cm</subfield>
    </datafield>
    <datafield tag="500" ind1=" " ind2=" ">
      <subfield code="a">Legătura: coperţi din lemn învelite în piele; coperta 1: un medalion cu scena Răstignirii; se mai păstrează urmele de la cheotori. Însemnări: foaia de gardă de la sfârşitul cărţii: desen în creion o cruce cu textul Cruce lui Hs; pe o altă filă de gardă de la sfârşitul cărţii: Ioann Calin an 1857 26 ianuarie; ultima filă de gardă: Ioann Calin din [...]. Observaţii: pe ultima filă de gardă de la sfârşitul cărţii lipit un bilet cu textul: Psaltere Braşov 1816 400. Anticariat Sibiu Lei 400.</subfield>
    </datafield>
    <datafield tag="650" ind1=" " ind2=" ">
      <subfield code="a">carte românească veche</subfield>
    </datafield>
    <datafield tag="650" ind1=" " ind2=" ">
      <subfield code="a">teologie</subfield>
    </datafield>
    <datafield tag="650" ind1=" " ind2=" ">
      <subfield code="a">cărţi liturgice</subfield>
    </datafield>
    <datafield tag="650" ind1=" " ind2=" ">
      <subfield code="a">psaltire</subfield>
    </datafield>
    <datafield tag="995" ind1=" " ind2=" ">
      <subfield code="a">Colecţii Speciale - BRV</subfield>
      <subfield code="D">0.01</subfield>
      <subfield code="e">BRV306</subfield>
      <subfield code="F">Sediul_Central_A</subfield>
      <subfield code="j">412 IV BRV</subfield>
      <subfield code="U">Available</subfield>
      <subfield code="W">Dec 14, 2019</subfield>
      <subfield code="y">BRV306</subfield>
      <subfield code="Z">Împrumut la Sala</subfield>
    </datafield>
  </record>