
  <record>
    <leader>00000nam a2200000 a 4500</leader>
    <controlfield tag="001">BJSB448821</controlfield>
    <controlfield tag="008">191214s1816####|||||||||||||||||#||####u</controlfield>
    <datafield tag="050" ind1=" " ind2=" ">
      <subfield code="a">094.1(498); 264-15</subfield>
    </datafield>
    <datafield tag="245" ind1="0" ind2="1">
      <subfield code="a">[Ceasoslov acum întra cestaşi chip tipărit supt stăpânirea Prea Luminatului şi Prea Înălţatului Înpărat al Austrii Francisc întâiul. Sibiu. În tipografia lui Ioann Bart. 1816.]</subfield>
      <subfield code="h">[Carte tipărită]</subfield>
    </datafield>
    <datafield tag="260" ind1=" " ind2=" ">
      <subfield code="a">Sibiu</subfield>
      <subfield code="b">Tipografia Ioan Bart</subfield>
      <subfield code="c">1816</subfield>
    </datafield>
    <datafield tag="300" ind1=" " ind2=" ">
      <subfield code="a">p. 1-80, 83-380, 383-395 ; 17 cm</subfield>
    </datafield>
    <datafield tag="500" ind1=" " ind2=" ">
      <subfield code="a">Greşeli de numerotare: p. 135 e numerotată 139; p. 136 e numerotată 140; p. 137 e numerotată 141. Legătura: exemplar deteriorat, lipsă coperţi, se află în folie de protecţie. Însemnări: p. 27: Carta sa ii(?) tati; p. 115: 7444 de la Ada; p. 259: Dologenia. Marina; p. 395 v: încercări de condei. Observaţii: exemplar incomplet, lipsesc primele două file nenumerotate şi p. 81-82, 381-382; anexă cu textul: Anticariat Sibiu Lei 375.</subfield>
    </datafield>
    <datafield tag="650" ind1=" " ind2=" ">
      <subfield code="a">carte românească veche</subfield>
    </datafield>
    <datafield tag="650" ind1=" " ind2=" ">
      <subfield code="a">teologie</subfield>
    </datafield>
    <datafield tag="650" ind1=" " ind2=" ">
      <subfield code="a">cărţi liturgice</subfield>
    </datafield>
    <datafield tag="650" ind1=" " ind2=" ">
      <subfield code="a">ceaslov</subfield>
    </datafield>
    <datafield tag="995" ind1=" " ind2=" ">
      <subfield code="a">Colecţii Speciale - BRV</subfield>
      <subfield code="D">0.01</subfield>
      <subfield code="e">BRV417</subfield>
      <subfield code="F">Sediul_Central_A</subfield>
      <subfield code="j">904 BRV</subfield>
      <subfield code="U">Available</subfield>
      <subfield code="W">Dec 14, 2019</subfield>
      <subfield code="y">BRV417</subfield>
      <subfield code="Z">Împrumut la Sala</subfield>
    </datafield>
  </record>