
  <record>
    <leader>00000nam a2200000 a 4500</leader>
    <controlfield tag="001">BJSB448820</controlfield>
    <controlfield tag="008">191214s1815####|||||||||||||||||#||####u</controlfield>
    <datafield tag="050" ind1=" " ind2=" ">
      <subfield code="a">094.1(498); 264-15</subfield>
    </datafield>
    <datafield tag="245" ind1="0" ind2="0">
      <subfield code="a">Întru slava sfintei, cei de ofiinţă, de viaţă făcătoarei, şi ne despărţitei Troiţă, a Tatălui, şi a Fiului, şi a Sfântului, Duh. Cu porunca blagocestivului singur stăpânitoriului marelui domnului nostru Împăratului Alexandru Paulovici a toată Rossia: în fiinţa soţiei sale a preablagocestivei doamne înpărătesii Elisabetei Alexievici: şi a maicii lui preablagocestivei doamne împărătesii Mariei Teodorovici...</subfield>
      <subfield code="c">Editor Gavrilă, Mitropolitul Basarabiei și Hotinului</subfield>
      <subfield code="h">[Carte tipărită]</subfield>
    </datafield>
    <datafield tag="260" ind1=" " ind2=" ">
      <subfield code="a">Chișinău</subfield>
      <subfield code="b">Tipografia Basarabiei</subfield>
      <subfield code="c">1815</subfield>
    </datafield>
    <datafield tag="300" ind1=" " ind2=" ">
      <subfield code="a">[4] f.; 128 f. ; 21 cm</subfield>
    </datafield>
    <datafield tag="500" ind1=" " ind2=" ">
      <subfield code="a">Legătura: carton recent marmorat; cotorul legat în piele. Însemnări: foaia de gardă de la începutul cărţii: Din numărul cărţilor bisericii Înălţarea Crucii a satului Solonceni jud. Orhei 1875. Preotul Grăjdian; foaia de gardă de la sfârşitul cărţii: Molevnic moldovenesc rupt şi legat la 1843. Observaţii: Bibliografia Românească Veche menționează 128 file; ştampilă ovală cu textul: Biblioteca Centrală a „Asociaţiunii” Sibiiu: foaia de titlu, p. 100; fila 128 v: ştampilă de formă dreptunghiulară cu textul: Asociaţiunea pentru literatura română şi cultura poporului român Astra. Sibiu No. Anul – luna – ziua.</subfield>
    </datafield>
    <datafield tag="650" ind1=" " ind2=" ">
      <subfield code="a">cărţi liturgice</subfield>
    </datafield>
    <datafield tag="650" ind1=" " ind2=" ">
      <subfield code="a">teologie</subfield>
    </datafield>
    <datafield tag="650" ind1=" " ind2=" ">
      <subfield code="a">carte românească veche</subfield>
    </datafield>
    <datafield tag="650" ind1=" " ind2=" ">
      <subfield code="a">molitvenic</subfield>
    </datafield>
    <datafield tag="995" ind1=" " ind2=" ">
      <subfield code="a">Colecţii Speciale - BRV</subfield>
      <subfield code="D">0.01</subfield>
      <subfield code="e">BRV153</subfield>
      <subfield code="F">Sediul_Central_A</subfield>
      <subfield code="j">396 IV BRV</subfield>
      <subfield code="U">Available</subfield>
      <subfield code="W">Dec 14, 2019</subfield>
      <subfield code="y">BRV153</subfield>
      <subfield code="Z">Împrumut la Sala</subfield>
    </datafield>
  </record>