
  <record>
    <leader>00000nam a2200000 a 4500</leader>
    <controlfield tag="001">BJSB448819</controlfield>
    <controlfield tag="008">191214s1814####|||||||||||||||||#||####u</controlfield>
    <datafield tag="050" ind1=" " ind2=" ">
      <subfield code="a">094.1(498); 264-15</subfield>
    </datafield>
    <datafield tag="245" ind1="0" ind2="0">
      <subfield code="a">Sfintele şi Dumnezeeştile Liturghii acelor dintru sfinţi părinţilor noştri alui Ioann Zlatoust alui Vasilie cel Mare, a prejdeosştenii. Tipărită în zilele Preaînălţatului Înpărat al Austrii Francisc întâiul. Cu slobozenia Înălţatului Crăescului Gubernium a tot Ardealului. Sau tipărit în Sibiu în tipografia lui Ioann Bart. 1814.</subfield>
      <subfield code="h">[Carte tipărită]</subfield>
    </datafield>
    <datafield tag="260" ind1=" " ind2=" ">
      <subfield code="a">Sibiu</subfield>
      <subfield code="b">Tipografia Ioan Bart</subfield>
      <subfield code="c">1814</subfield>
    </datafield>
    <datafield tag="300" ind1=" " ind2=" ">
      <subfield code="a">[2] f.; 316 p. : 22 cm</subfield>
    </datafield>
    <datafield tag="500" ind1=" " ind2=" ">
      <subfield code="a">Legătura: coperţi din lemn legate în piele de culoare maronie; coperta 1, un chenar cu motive florale şi geometrice încadrează o cruce; se mai păstrează urmele celor două cheotori. Însemnări: coperta 2: încercări de condei; foaia de titlu v: În 13 şi 14 Octobre 1876 amu fostu in partea de susu a parochiei Giuventia spre vizitatiunea canonica si in 13 Octobre 1876 amu tienutu servitiulu divinu de sera in Santa Biserica [...] tara poporului a dumneata. Vasiliu Roşiereanu parocu romanu in Clusiu si protopresbiteru romanu gr. or. in Tractulu Clusiului. Observaţii: coperta 3, textul: Anticariat Sibiu Lei 750; pe pagini numeroase picături de ceară.</subfield>
    </datafield>
    <datafield tag="650" ind1=" " ind2=" ">
      <subfield code="a">teologie</subfield>
    </datafield>
    <datafield tag="650" ind1=" " ind2=" ">
      <subfield code="a">cărţi liturgice</subfield>
    </datafield>
    <datafield tag="650" ind1=" " ind2=" ">
      <subfield code="a">liturghie</subfield>
    </datafield>
    <datafield tag="650" ind1=" " ind2=" ">
      <subfield code="a">carte românească veche</subfield>
    </datafield>
    <datafield tag="856" ind1=" " ind2=" ">
      <subfield code="u">http://www.dspace.bjastrasibiu.ro/bitstream/123456789/10367/1/BJA_CS_000268_CRV_0001-0326.pdf</subfield>
    </datafield>
    <datafield tag="995" ind1=" " ind2=" ">
      <subfield code="a">Colecţii Speciale - BRV</subfield>
      <subfield code="D">0.01</subfield>
      <subfield code="e">BRV268</subfield>
      <subfield code="F">Sediul_Central_A</subfield>
      <subfield code="j">853 BRV</subfield>
      <subfield code="U">Available</subfield>
      <subfield code="W">Dec 14, 2019</subfield>
      <subfield code="y">BRV268</subfield>
      <subfield code="Z">Împrumut la Sala</subfield>
    </datafield>
  </record>