
  <record>
    <leader>00000nam a2200000 a 4500</leader>
    <controlfield tag="001">BJSB448818</controlfield>
    <controlfield tag="008">191214s1813####|||||||||||||||||#||####u</controlfield>
    <datafield tag="050" ind1=" " ind2=" ">
      <subfield code="a">094.1(498); 264-15</subfield>
    </datafield>
    <datafield tag="245" ind1="0" ind2="1">
      <subfield code="a">[Sfintele şi Dumnezeeştile Liturghii acelor dintru sfinţi părinţilor noştri a lui Ioann Zlatoust a lui Vasilie cel Mare, şi prejde sştenii acum întru ales chip sau tipărit întru întâia domnie a Prea Luminatului domn Io Ioann Gheorghie Caragea Voevod cu blagoslovenia Prea Sfinţitului Mitropolit a toată Ungrovlahia chiriu chir Nectarie şi cu toată cheltuiala Prea Sfinţii sale iubitoriului de Dumnezeu chir Galaction Episcop Râm. În Sfânta Episcopie a Râm. leat 1813.]</subfield>
      <subfield code="c">Editor Nectarie, Mitropolitul Ungrovlahiei</subfield>
      <subfield code="h">[Carte tipărită]</subfield>
    </datafield>
    <datafield tag="260" ind1=" " ind2=" ">
      <subfield code="a">Râmnic</subfield>
      <subfield code="b">Tipografia Episcopiei Râmnicului</subfield>
      <subfield code="c">1813</subfield>
    </datafield>
    <datafield tag="300" ind1=" " ind2=" ">
      <subfield code="a">f. 6-200 ; 20 cm</subfield>
    </datafield>
    <datafield tag="500" ind1=" " ind2=" ">
      <subfield code="a">Legătura: folie de protecţie. Greşeli de paginaţie: fila 182 e numerotată 186. Însemnări: fila 171 v: Mihai Vasilescu; fila 172: Această ievanghelie acum [...] hristosu că [...] 1936 iuniu 30. Observaţii: exemplar incomplet, lipsesc cele 2 file nenumerotate, filele 1-5, 201-205; exemplar parţial deteriorat, mai multe file se păstrează fragmentar; pete de ceară pe mai multe file.</subfield>
    </datafield>
    <datafield tag="650" ind1=" " ind2=" ">
      <subfield code="a">cărţi liturgice</subfield>
    </datafield>
    <datafield tag="650" ind1=" " ind2=" ">
      <subfield code="a">teologie</subfield>
    </datafield>
    <datafield tag="650" ind1=" " ind2=" ">
      <subfield code="a">liturghii</subfield>
    </datafield>
    <datafield tag="650" ind1=" " ind2=" ">
      <subfield code="a">carte românească veche</subfield>
    </datafield>
    <datafield tag="856" ind1=" " ind2=" ">
      <subfield code="u">http://www.dspace.bjastrasibiu.ro/bitstream/123456789/10622/1/BJA_CS_000239_BRV_0001-0390.pdf</subfield>
    </datafield>
    <datafield tag="995" ind1=" " ind2=" ">
      <subfield code="a">Colecţii Speciale - BRV</subfield>
      <subfield code="D">0.01</subfield>
      <subfield code="e">BRV239</subfield>
      <subfield code="F">Sediul_Central_A</subfield>
      <subfield code="j">827 BRV</subfield>
      <subfield code="U">Available</subfield>
      <subfield code="W">Dec 14, 2019</subfield>
      <subfield code="y">BRV239</subfield>
      <subfield code="Z">Împrumut la Sala</subfield>
    </datafield>
  </record>