
  <record>
    <leader>00000nam a2200000 a 4500</leader>
    <controlfield tag="001">BJSB448817</controlfield>
    <controlfield tag="008">191214s1810####|||||||||||||||||#||####u</controlfield>
    <datafield tag="050" ind1=" " ind2=" ">
      <subfield code="a">094.1(498); 264-15</subfield>
    </datafield>
    <datafield tag="245" ind1="0" ind2="0">
      <subfield code="a">Acatistul Prea Sfintei Născătoarei de Dumnezeu, şi alte acatiste şi rugăciuni foarte de folos. Sibiu. În tipografia lui Ioan Bart. 1810.</subfield>
      <subfield code="h">[Carte tipărită]</subfield>
    </datafield>
    <datafield tag="260" ind1=" " ind2=" ">
      <subfield code="a">Sibiu</subfield>
      <subfield code="b">Tipografia Ioan Bart</subfield>
      <subfield code="c">1810</subfield>
    </datafield>
    <datafield tag="300" ind1=" " ind2=" ">
      <subfield code="a">[2] f.; 475 p. ; 13 cm</subfield>
    </datafield>
    <datafield tag="500" ind1=" " ind2=" ">
      <subfield code="a">Legătura: carton recent marmorat, cotorul învelit în piele. Însemnări: ultima pagină v: Frate a sosit timpul să pleci poate pentru totdeauna dintre noi. Dar când necazurile vieţii [...] razbi cu gîndul la Părintele [...] întoarcete din nou la noi, căci poarta îţi va fi deschisă; coperta 3: Şi nu uita frate cui datorezi viaţa şi lumea cugetului tău. Pr. Veniamin. M. Vorona. Febr. 1973. Observaţii: coperta 3: ştampilă cu textul: Anticariat Sibiu. 563 Lei.</subfield>
    </datafield>
    <datafield tag="650" ind1=" " ind2=" ">
      <subfield code="a">cărţi liturgice</subfield>
    </datafield>
    <datafield tag="650" ind1=" " ind2=" ">
      <subfield code="a">acatiste</subfield>
    </datafield>
    <datafield tag="650" ind1=" " ind2=" ">
      <subfield code="a">carte românească veche</subfield>
    </datafield>
    <datafield tag="650" ind1=" " ind2=" ">
      <subfield code="a">teologie</subfield>
    </datafield>
    <datafield tag="995" ind1=" " ind2=" ">
      <subfield code="a">Colecţii Speciale - BRV</subfield>
      <subfield code="D">0.01</subfield>
      <subfield code="e">BRV430</subfield>
      <subfield code="F">Sediul_Central_A</subfield>
      <subfield code="j">775 BRV</subfield>
      <subfield code="U">Available</subfield>
      <subfield code="W">Dec 14, 2019</subfield>
      <subfield code="y">BRV430</subfield>
      <subfield code="Z">Împrumut la Sala</subfield>
    </datafield>
  </record>