
  <record>
    <leader>00000nam a2200000 a 4500</leader>
    <controlfield tag="001">BJSB448816</controlfield>
    <controlfield tag="008">191214s1809####|||||||||||||||||#||####u</controlfield>
    <datafield tag="050" ind1=" " ind2=" ">
      <subfield code="a">094.1(498); 264-15; 264-13</subfield>
    </datafield>
    <datafield tag="245" ind1="0" ind2="0">
      <subfield code="a">Psaltirea Prorocului şi Înpăratului David acum a şaptea oară tipărită. Cu blagoslovenia Exselenţiei sale Prea Luminatului, şi Prea Osfinţitului domnului domn. Ioann Bobb Vlădicul Făgăraşului, a prea înălţatei cesaro crăeştii mărimi sfetnic din lăuntru şi Ordului al 2: Leopold Comendator. În Blaj la Mitropolie. Anul 1809. Cu tipariul seminariului.</subfield>
      <subfield code="c">Editor Ioan Bob</subfield>
      <subfield code="h">[Carte tipărită]</subfield>
    </datafield>
    <datafield tag="250" ind1=" " ind2=" ">
      <subfield code="a">Ed. a 7-a</subfield>
    </datafield>
    <datafield tag="260" ind1=" " ind2=" ">
      <subfield code="a">Blaj</subfield>
      <subfield code="b">Tiparul Seminarului</subfield>
      <subfield code="c">1809</subfield>
    </datafield>
    <datafield tag="300" ind1=" " ind2=" ">
      <subfield code="a">[1] f.; 4 p.; 428 p. ; 17 cm</subfield>
    </datafield>
    <datafield tag="500" ind1=" " ind2=" ">
      <subfield code="a">Greşeli de paginaţie: p. 369 e numerotată 398; p. 370 e numerotată 400; numărătoarea continuă greşit (nemenţionate de Bibliografia Românească Veche). Legătura: din carton învelit în piele, parţial deteriorată. Însemnări: foaia de gardă: Ex Libris Basilii Krobb, 1852, sept. 8; foaia de gardă: Ex libris Ladislai Korb 1852, septembre 8; S. I. Stimkovski; Se fie primitau inainta lui Dumnedeu propune tuturor care sau […]; p. 4: Da-lu cresesca fie care om sunt scarbit; p. 12: 12 aprilie 1841; p. 13: Iosif [...]; p. 14: [...]; p. 15: S. Protopopul S:[...]; foaia de gardă de la sfârşit: Sau cumpărat cu 1 fl. În v. Dela fecioru fostului Protopop de la M. Udvarhely prin mine Vasilie Krobb m. p. gr. cath. Romanilor în Sz. Samlyo 1852 sept. 8.</subfield>
    </datafield>
    <datafield tag="650" ind1=" " ind2=" ">
      <subfield code="a">cărţi liturgice</subfield>
    </datafield>
    <datafield tag="650" ind1=" " ind2=" ">
      <subfield code="a">teologie</subfield>
    </datafield>
    <datafield tag="650" ind1=" " ind2=" ">
      <subfield code="a">psaltire</subfield>
    </datafield>
    <datafield tag="650" ind1=" " ind2=" ">
      <subfield code="a">carte românească veche</subfield>
    </datafield>
    <datafield tag="995" ind1=" " ind2=" ">
      <subfield code="a">Colecţii Speciale - BRV</subfield>
      <subfield code="D">0.01</subfield>
      <subfield code="e">BRV363</subfield>
      <subfield code="F">Sediul_Central_A</subfield>
      <subfield code="j">770 BRV</subfield>
      <subfield code="U">Available</subfield>
      <subfield code="W">Dec 14, 2019</subfield>
      <subfield code="y">BRV363</subfield>
      <subfield code="Z">Împrumut la Sala</subfield>
    </datafield>
  </record>