
  <record>
    <leader>00000nam a2200000 a 4500</leader>
    <controlfield tag="001">BJSB448815</controlfield>
    <controlfield tag="008">191214s1807####|||||||||||||||||#||####u</controlfield>
    <datafield tag="050" ind1=" " ind2=" ">
      <subfield code="a">094.1(498); 264-15</subfield>
    </datafield>
    <datafield tag="245" ind1="0" ind2="0">
      <subfield code="a">Dumnezeeştile liturghii a celor dintru sfinţi părinţilor noştri, Ioann Zlatoust, Vasilie cel Mare, şi a prejde sştenii. Acum întâia oară tipărite: supt stăpânirea Prea Înălţatului Înpărat Francisc al doilea Craiului Apostolicesc: Mare Prinţ al Ardealului, şi celelalte. Cu blagoslovenia Exţelenţiei sale Prea Luminatului, şi Prea Sfinţitului domnului domn Ioann Bobb Vlădicul Făgăraşului. În Blaj la Mitropolie. Anul dela naşterea lui Hs 1807. (cu tipariul seminariului).</subfield>
      <subfield code="c">Editor Ioan Bob</subfield>
      <subfield code="h">[Carte tipărită]</subfield>
    </datafield>
    <datafield tag="250" ind1=" " ind2=" ">
      <subfield code="a">Ed. 1</subfield>
    </datafield>
    <datafield tag="260" ind1=" " ind2=" ">
      <subfield code="a">Blaj</subfield>
      <subfield code="b">Tiparul Seminarului</subfield>
      <subfield code="c">1807</subfield>
    </datafield>
    <datafield tag="300" ind1=" " ind2=" ">
      <subfield code="a">[2] f.; 204 p. ; 22 cm</subfield>
    </datafield>
    <datafield tag="500" ind1=" " ind2=" ">
      <subfield code="a">Greşeli de paginaţie: p. 83 e numerotată 84; p. 96 e numerotată 86; p. 160 e numerotată 159 (nemenţionate de Bibliografia Românească Veche). Legătura: coperţi din lemn peste care s-a lipit un carton de culoare roşie. Însemnări: prima filă de gardă de la începutul cărţii v: În ziua de Crăciun 1923 sau spovedit şi cuminecat 10 persone; fila a doua de gardă de la începutul cărţii v: La sărbătoarea Naşterii Domnului nostru Isus Hristos anul 1922 am celebrat s. Liturghie şi am săvârşit alte funcţiuni în parohia Jitin (?). Romulus Re[...] parohul [...]; La sărbătoarea Naşterii Domnnului nostru Isus Hristos anul 1923 am celebrat s. Liturghie şi am săvârşit celelalte slujbe dumnezeeşti în parohia Jitin. Romulus Re[...] paroh protopopu; La sărbătoarea S. Rusalii ziua întâiu în anul 1925 (7 VI) am celebrat S. Liturghie şi am avut şi un [...] [...] paroh [...]; În 19/VII. 1925 cu ocaziunea vizitaţiunii canonice în Jitin şi am săvârşit şi alte slujbe. Romulus [...] protopop; fila de gardă a doua de la începutul cărţii: Scrisam eu Iosif Chircu din com Jitin cantor rom. unit din Anul Dnului 1933 luna Ianuarie Ziua 24 spre Suvenire. Jitin la 29 oct. 933.Chircu.; p. 18: Theodoru Popoviciu. Prochimenulu. Sambata Sera. Versu VI. Domnulu sau imparatilu, intru frumusetie sau imbracatu. Dumineca Sera. Versu VIII. Iată acum bine cuvantati pre Dnulu toti Servii Dlui. Luni. Viersu IV. Domnulu ma va audii candu voii striga cătră densulu. Martii. Viersu I. Indurarea ta Dne mava urma in tote dilele vieţii mele. Miercuri. Viersu V. Dumnedieule [...] Numele tău Mântueştemă şi întru puterea ta mă judecă. Joi Viersu VI. Ajutoriulu mieu dela Dnul celu ce au făcutu cieriulu şu pamentulu. Vineri. Viersu VII. Dzeul spriginitoriulu mieu esti tu şi îndurarea ta ma va incungiura. Theodoru Popoviciu. Parochu gr. cat.; p. 29 [...]; p. 40 [...]; p. 45: Prea sfântă Născătoare de Dzeu miluieşte pre noi!; p. 192 v: Chsu au învieatu din morti cu mortea pre morte calcandu si celoru din mormanturi viatia daruindule. La Duminica Thomei. Cela ce prin usiele incurcate au intratu la Santii dela Invatieci si Apostolii, si pre Thoma lau incredintiatu pentru a nostra mantuire: Chsu adevarat: Dzeulu nostru. Observaţii: picături de ceară pe mai multe file; coperta 3: ştampilă: Anticariat 313.</subfield>
    </datafield>
    <datafield tag="650" ind1=" " ind2=" ">
      <subfield code="a">cărţi liturgice</subfield>
    </datafield>
    <datafield tag="650" ind1=" " ind2=" ">
      <subfield code="a">liturghie</subfield>
    </datafield>
    <datafield tag="650" ind1=" " ind2=" ">
      <subfield code="a">teologie</subfield>
    </datafield>
    <datafield tag="650" ind1=" " ind2=" ">
      <subfield code="a">carte românească veche</subfield>
    </datafield>
    <datafield tag="995" ind1=" " ind2=" ">
      <subfield code="a">Colecţii Speciale - BRV</subfield>
      <subfield code="D">0.01</subfield>
      <subfield code="e">BRV371</subfield>
      <subfield code="F">Sediul_Central_A</subfield>
      <subfield code="j">721 BRV</subfield>
      <subfield code="U">Available</subfield>
      <subfield code="W">Dec 14, 2019</subfield>
      <subfield code="y">BRV371</subfield>
      <subfield code="Z">Împrumut la Sala</subfield>
    </datafield>
  </record>