
  <record>
    <leader>00000nam a2200000 a 4500</leader>
    <controlfield tag="001">BJSB448814</controlfield>
    <controlfield tag="008">191214s1807####|||||||||||||||||#||####u</controlfield>
    <datafield tag="050" ind1=" " ind2=" ">
      <subfield code="a">094.1(498); 264-15</subfield>
    </datafield>
    <datafield tag="245" ind1="0" ind2="1">
      <subfield code="a">[Acatist cu multe alese rugăciuni pentru evlavia fieştecăruia creştin: cu blagoslovenia celor mai mari acum întâia oară. În Buda. Tipărit în Crăiasca Tipografie a Universităţii Ungureşti la anul 1807.]</subfield>
      <subfield code="h">[Carte tipărită]</subfield>
    </datafield>
    <datafield tag="250" ind1=" " ind2=" ">
      <subfield code="a">Ed. 1</subfield>
    </datafield>
    <datafield tag="260" ind1=" " ind2=" ">
      <subfield code="a">Buda</subfield>
      <subfield code="b">Crăiasca Tipografie a Universității Ungurești</subfield>
      <subfield code="c">1807</subfield>
    </datafield>
    <datafield tag="300" ind1=" " ind2=" ">
      <subfield code="a">[2] f.; p. 1-113, 117-216, 219-226, 229-234, 237-282, 285-288, 301-469; [3] p. ; 14 cm</subfield>
    </datafield>
    <datafield tag="500" ind1=" " ind2=" ">
      <subfield code="a">Greşeli de paginaţie: p. 80 e numerotată 90; p. 81 e numerotată 91; p. 234 e numerotată 224. Legătura: coperţi din lemn învelite în piele; se mai păstrează urma cheotorii. Însemnări: coperta 2, fila de gardă, fila 2 nenumerotată: încercări de condei; filă albă intercalată între filele 114-117: Versu Iosivu si eu Mariei [...] să gate ste pesara [...] tineau unde sau nascutu Hs sau nascutu prelamima [...]; p. 229: Începutul caută la sfârşitul foaei 289; fila de gardă v: Toma [..] Observaţii: exemplar incomplet, lipsesc: 1 filă nenumerotată, p. 115-116, 217-218, 227-228, p. 235-236 (înlocuite cu file manuscris); 283-284 (înlocuite cu file manuscris), 289-300; provenineță Fond Astra. </subfield>
    </datafield>
    <datafield tag="650" ind1=" " ind2=" ">
      <subfield code="a">carte românească veche</subfield>
    </datafield>
    <datafield tag="650" ind1=" " ind2=" ">
      <subfield code="a">teologie</subfield>
    </datafield>
    <datafield tag="650" ind1=" " ind2=" ">
      <subfield code="a">cărţi liturgice</subfield>
    </datafield>
    <datafield tag="650" ind1=" " ind2=" ">
      <subfield code="a">acatiste</subfield>
    </datafield>
    <datafield tag="995" ind1=" " ind2=" ">
      <subfield code="a">Colecţii Speciale - BRV</subfield>
      <subfield code="D">0.01</subfield>
      <subfield code="e">BRV513</subfield>
      <subfield code="F">Sediul_Central_A</subfield>
      <subfield code="j">710 BRV</subfield>
      <subfield code="U">Available</subfield>
      <subfield code="W">Dec 14, 2019</subfield>
      <subfield code="y">BRV513</subfield>
      <subfield code="Z">Împrumut la Sala</subfield>
    </datafield>
  </record>