
  <record>
    <leader>00000nam a2200000 a 4500</leader>
    <controlfield tag="001">BJSB448813</controlfield>
    <controlfield tag="008">191214s1806####|||||||||||||||||#||####u</controlfield>
    <datafield tag="050" ind1=" " ind2=" ">
      <subfield code="a">094.1(498); 264-15; 264-13</subfield>
    </datafield>
    <datafield tag="245" ind1="0" ind2="0">
      <subfield code="a">Psaltirea Prorocului şi Înpăratului David acum întracestaşi chip tipărită întru întâia domnie a Prea Luminatului domn, Io Constantin Alexandru Ipsilant Voevod cu blagoslovenia şi toată chieltuiala Prea Sfinţii sale părintelui chiriu chir Dositei Mitropolit a toată Ungrovlahia în Sfânta Mitropolie la anul dela Hs 1806. Sau tipărit de Stancu tip. Buc.</subfield>
      <subfield code="c">Editor Dositei, Mitropolitul Ungrovlahiei; tipograf Stancu</subfield>
      <subfield code="h">[Carte tipărită]</subfield>
    </datafield>
    <datafield tag="260" ind1=" " ind2=" ">
      <subfield code="a">București</subfield>
      <subfield code="b">Tipografia Sfintei Mitropolii</subfield>
      <subfield code="c">1806</subfield>
    </datafield>
    <datafield tag="300" ind1=" " ind2=" ">
      <subfield code="a">[8] f.; 232 f. ; 22 cm</subfield>
    </datafield>
    <datafield tag="500" ind1=" " ind2=" ">
      <subfield code="a">Greşeli de paginaţie: fila 66 e numerotată 65; fila 206 e numerotată 205; fila 209 nu este numerotată; fila 210 e numerotată 228; fila 211 nu este numeroată; fila 212 e numerotată 254; numerotarea continuă astfel până la fila 258; după fila 258 urmează filele 229 şi 230; fila 231 lipseşte (nemenţionate de Bibliografia Românească Veche). Legătura: carton din lemn învelit în piele. Însemnări: fila de gardă de la începutul cărţii, însemnare ilizibilă: [...]1843[...]; foaia de gardă a doua de la sfârşitul cărţii v: 1870. Septem. 18 Vineri pe la 1 după prand au raposat [...] Hristache Ionescu şi moartie iau fost foarte grabnică numai ca doa minute în cătun staneşt [...] şi sau înmormântat la Mănăstirea Cernica, şi au fostu la facierea cuventariului 5 oameni adică părintele protopopu şi Dincă (?) tatăl cumnati Mariţi şi Dumitrescu [...] finii răposatului. Observaţii: exemplar incomplet, lipseşte ultima filă numerotată; ştampilă ovală cu textul: Biblioteca Ligei Culturale Bucureşti pe foaia de titlu; ştampilă ovală cu textul: Biblioteca Centrală a „Asociaţiunii” Sibiiu pe foaia de titlu, pe filele 73, 115, 147, 164, 181, 232; ştampilă de formă dreptunghiulară cu textul: Biblioteca „Astrei” (Asociaţiunea pentru lit. rom. şi cultura poporului român). Centrala Sibiu Nr. 35211 pe foaia de titlu.</subfield>
    </datafield>
    <datafield tag="650" ind1=" " ind2=" ">
      <subfield code="a">carte românească veche</subfield>
    </datafield>
    <datafield tag="650" ind1=" " ind2=" ">
      <subfield code="a">psaltire</subfield>
    </datafield>
    <datafield tag="650" ind1=" " ind2=" ">
      <subfield code="a">teologie</subfield>
    </datafield>
    <datafield tag="650" ind1=" " ind2=" ">
      <subfield code="a">cărţi liturgice</subfield>
    </datafield>
    <datafield tag="856" ind1=" " ind2=" ">
      <subfield code="u">http://www.dspace.bjastrasibiu.ro/bitstream/123456789/10341/1/BJA_CS_000115_CRV_0001-0467.pdf</subfield>
    </datafield>
    <datafield tag="995" ind1=" " ind2=" ">
      <subfield code="a">Colecţii Speciale - BRV</subfield>
      <subfield code="D">0.01</subfield>
      <subfield code="e">BRV115</subfield>
      <subfield code="F">Sediul_Central_A</subfield>
      <subfield code="j">703 BRV</subfield>
      <subfield code="U">Available</subfield>
      <subfield code="W">Dec 14, 2019</subfield>
      <subfield code="y">BRV115</subfield>
      <subfield code="Z">Împrumut la Sala</subfield>
    </datafield>
  </record>