
  <record>
    <leader>00000nam a2200000 a 4500</leader>
    <controlfield tag="001">BJSB448812</controlfield>
    <controlfield tag="008">191214s1806####|||||||||||||||||#||####u</controlfield>
    <datafield tag="050" ind1=" " ind2=" ">
      <subfield code="a">094.1(498); 264-15</subfield>
    </datafield>
    <datafield tag="245" ind1="0" ind2="1">
      <subfield code="a">[Ceaslov acum întraceastaşi chip tipărită întru întâia domnie a Prea Luminatului domn Io Constantin Alexandru Ipsilant voevod cu blagoslovenia şi toată chieltuiala prea sfinţiei sale părintelui chiriu chir Dositei Mitropolit a toată Ungrovlahia în Sfânta Mitropolie. La anul dela Hs 1806. De Stanciu tip. Buc.]</subfield>
      <subfield code="c">Editor Dositei, Mitropolitul Ungrovlahiei; tipograf Stanciu</subfield>
      <subfield code="h">[Carte tipărită]</subfield>
    </datafield>
    <datafield tag="260" ind1=" " ind2=" ">
      <subfield code="a">București</subfield>
      <subfield code="b">Tipografia Sfintei Mitropolii</subfield>
      <subfield code="c">1806</subfield>
    </datafield>
    <datafield tag="300" ind1=" " ind2=" ">
      <subfield code="a">[3] f.; 594 p.; [1] f. ; 19 cm</subfield>
    </datafield>
    <datafield tag="500" ind1=" " ind2=" ">
      <subfield code="a">Legătură: carton recent de culoare neagră; cotorul învelit în piele. Însemnări: coperta 2: C. Constantinescu Cântăreţ la [...] intrat la 1 sept. 1883 [...] la 8 sept. 84; fila de gardă de la începutul cărţii însemnare ilizibilă; fila de gardă de la începutul cărţii v: În anul 1883 Septemb în I am intrat ca cântăreţ la Biserica Alexe (?) pe când erau preoţi Birinţele Vasilie Georgescu şi Kr. M. Cristescu. 1884 Maiu 17. Ca Souveniru [...]; p. 484: Preotul Ghiţă de ani născut 1856 adică 35 [...] la 86; fila de gardă de la sfârşitul cărţii: În anul 1883 luna Septembrie I am intrat ca cântăreţ I la Biserica Alexe (?). Să fie pomenire. Eu preotu al Sf: Bis. Alec Ghiţă hirotonit la Anulu 1886, Martie 23. Preotul Ghiţă; fila de gardă de la sfârşitul cărţii v: Constantin Eva. Preotulu George; coperta 3: Preotul Ghiţă hirotonit la Anulu 1886 de am 35. Preotul Ghiţă ertaţil. Observaţii: exemplar incomplet, lipseşte foaia de titlu; Bibliografia Românească Veche menţionează 4 file şi 560 de p.; exemplarul nostru are 3 file nenumerotate + 594 p. + 1 filă nenumerotată; este incomplet; fila de titlu a fost reprodusă din Bibliografia Românească Veche, vol. III, p. 478-479; numeroase pete de ceară pe mai multe file; coperta 3: Anticariat Sibiu Lei 625.</subfield>
    </datafield>
    <datafield tag="650" ind1=" " ind2=" ">
      <subfield code="a">teologie</subfield>
    </datafield>
    <datafield tag="650" ind1=" " ind2=" ">
      <subfield code="a">cărţi liturgice</subfield>
    </datafield>
    <datafield tag="650" ind1=" " ind2=" ">
      <subfield code="a">carte românească veche</subfield>
    </datafield>
    <datafield tag="856" ind1=" " ind2=" ">
      <subfield code="u">http://www.dspace.bjastrasibiu.ro/bitstream/123456789/10296/1/BJA_CS_000403_BRV_0001-0604.pdf</subfield>
    </datafield>
    <datafield tag="995" ind1=" " ind2=" ">
      <subfield code="a">Colecţii Speciale - BRV</subfield>
      <subfield code="D">0.01</subfield>
      <subfield code="e">BRV403</subfield>
      <subfield code="F">Sediul_Central_A</subfield>
      <subfield code="j">694 BRV</subfield>
      <subfield code="U">Available</subfield>
      <subfield code="W">Dec 14, 2019</subfield>
      <subfield code="y">BRV403</subfield>
      <subfield code="Z">Împrumut la Sala</subfield>
    </datafield>
  </record>