
  <record>
    <leader>00000nam a2200000 a 4500</leader>
    <controlfield tag="001">BJSB448811</controlfield>
    <controlfield tag="008">191214s1805####|||||||||||||||||#||####u</controlfield>
    <datafield tag="050" ind1=" " ind2=" ">
      <subfield code="a">094.1(498); 82-141(498)</subfield>
    </datafield>
    <datafield tag="100" ind1=" " ind2=" ">
      <subfield code="a">Aaron, Vasile</subfield>
    </datafield>
    <datafield tag="245" ind1="1" ind2="0">
      <subfield code="a">Patimile, şi moartea a Domnului, şi Mântuitorului nostru Is Hs. în stihuri alcătuite de Vasilie Aaron advocat jurat în M. Priv. al Ardealului. Cu slobozenia celor mai mari. Tipărită cu toată cheltuiala d. chiriu Constantin Bogici. Braşov. În tipogr. lui Gheorghie de Șobel. Prin Mihail dir. 1805.</subfield>
      <subfield code="c">Vasilie Aaron; editor Constantin Bogici</subfield>
      <subfield code="h">[Carte tipărită]</subfield>
    </datafield>
    <datafield tag="260" ind1=" " ind2=" ">
      <subfield code="a">Brașov</subfield>
      <subfield code="b">Tipografia Gheorghe Șobel</subfield>
      <subfield code="c">1805</subfield>
    </datafield>
    <datafield tag="300" ind1=" " ind2=" ">
      <subfield code="a">[2] f.; 432 p. ; 18 cm</subfield>
    </datafield>
    <datafield tag="500" ind1=" " ind2=" ">
      <subfield code="a">Greşeli de paginaţie: p. 55 e numerotată 57; p. 67 e numerotată 69; p. 80 e numerotată 38; p. 338 e numerotată 342; p. 339 e numerotată 343; p. 342 e numerotată 338; p. 343 e numerotată 339; p. 346 e numerotată 350; p. 347 e numerotată 351; p. 350 e numerotată 346; p. 351 e numerotată 347. Legătură: coperți din lemn legate în piele. Însemnări: coperta 2: Proprietate lui Georgiu Tomescu. Aceasta carte o am primit drept aducere aminte dela preotul George Tomescu din Picleu (?). Oradea în 27/II 904 [...]; încercări de condei pe cele două foi de gardă de la începutul cărţii; socoteli pe foaia de gardă de la sfârşitul cărţii. Observaţii: mai multe file s-au păstrat fragmentar; ştampilă de formă dreptunghiulară cu textul: Biblioteca „Astrei” (Asociaţiunea pentru lit. rom. şi cultura poporului român). Centrala Sibiu Nr. 15389, pe foaia de gardă;  ştampilă ovală cu textul Biblioteca Centrală a Asociaţiunii Sibiiu pe foaia de gardă, pe p. 101, 432.</subfield>
    </datafield>
    <datafield tag="650" ind1=" " ind2=" ">
      <subfield code="a">carte românească veche</subfield>
    </datafield>
    <datafield tag="650" ind1=" " ind2=" ">
      <subfield code="a">literatură</subfield>
    </datafield>
    <datafield tag="650" ind1=" " ind2=" ">
      <subfield code="a">literatură română</subfield>
    </datafield>
    <datafield tag="650" ind1=" " ind2=" ">
      <subfield code="a">ode religioase</subfield>
    </datafield>
    <datafield tag="856" ind1=" " ind2=" ">
      <subfield code="u">http://www.dspace.bjastrasibiu.ro/bitstream/123456789/10581/1/BJA_CS_000106_BRV_0001-448.pdf</subfield>
    </datafield>
    <datafield tag="995" ind1=" " ind2=" ">
      <subfield code="a">Colecţii Speciale - BRV</subfield>
      <subfield code="D">0.01</subfield>
      <subfield code="e">BRV106</subfield>
      <subfield code="F">Sediul_Central_A</subfield>
      <subfield code="j">676 BRV</subfield>
      <subfield code="U">Available</subfield>
      <subfield code="W">Dec 14, 2019</subfield>
      <subfield code="y">BRV106</subfield>
      <subfield code="Z">Împrumut la Sala</subfield>
    </datafield>
  </record>