
  <record>
    <leader>00000nam a2200000 a 4500</leader>
    <controlfield tag="001">BJSB448810</controlfield>
    <controlfield tag="008">191214s1804####|||||||||||||||||#||####u</controlfield>
    <datafield tag="050" ind1=" " ind2=" ">
      <subfield code="a">094.1(498); 264-15</subfield>
    </datafield>
    <datafield tag="245" ind1="0" ind2="0">
      <subfield code="a">Strastnic acum a treia oară aşezat şi tipărit, după rânduiala Besericii Răsăritului. Supt stăpânirea Prea Înălţatului Înpărat al Romanilor. Francisc al doilea Craiul apostolice: Mare Prinţ al Ardealului şi celelalte: Cu blavenia Exselenţii sale Prea Luminatului, şi Prea Sfinţitului domnului domn Ioann Bobb. Vlădicul Făgăraşului. În Blaj la Mitropolie. Anu dela naşterea lui Hs 1804. (cu tipariul seminariului)</subfield>
      <subfield code="c">Editor Ioan Bob</subfield>
      <subfield code="h">[Carte tipărită]</subfield>
    </datafield>
    <datafield tag="250" ind1=" " ind2=" ">
      <subfield code="a">Ed. a 3-a</subfield>
    </datafield>
    <datafield tag="260" ind1=" " ind2=" ">
      <subfield code="a">Blaj</subfield>
      <subfield code="b">Tiparul Seminarului</subfield>
      <subfield code="c">1804</subfield>
    </datafield>
    <datafield tag="300" ind1=" " ind2=" ">
      <subfield code="a">[1] f.; 218 p. ; 34 cm</subfield>
    </datafield>
    <datafield tag="500" ind1=" " ind2=" ">
      <subfield code="a">Greşeli de paginaţie: p. 148 e numerotată 150; p. 149 e numerotată 151; p. 150 e numerotată 148; p. 151 e numerotată 149.  Legătura: coperţi din carton învelite în piele; cotorul deteriorat; mai păstrează urmele la cheotori. Însemnări: coperta 2: Iuliu Domsia Petelea 1896; Iulius Domşa Cantoru Petelea la 22 1921; p. 24: Iuliu Domşa cantor; p. 52 (semnături ilizibile): 3 IV 1961 [...]; p. 53: 7 IV 958 [...]; 27 IV 959 [...]; p. 90: Sevetilna; p. 94: 30 IV 1959 [...]; p. 103: Iuliu Domşa; p. 110: 18 IV 1957 [...]; p. 115: 6 IV 1961 [...]; p. 119: 4 V 1956 [...]; p. 126: 27 IV 962 [...]; p. 127: 24 IV 962 [...]; 17 IV 1961 [...]; p. 128: 4 V 1956 [...]; 19 IV 1957 [...]; 3 IV 1953 [...]; 23 IV 1954 [...]; p. 129: [...] 14 II 1944; p. 130: 19 IV 1957 [...]; p. 131: 7 IV 1961 [...]; 7 aprilie 1950 [...]; p. 132: [...] 22 aprilie 1949 [...]; p. 146: 27 IV 962 [...]; p. 159: 23 IV 1954 [...]; p. 160: 23 IV 943 [...]; p. 163: [...] 3 IV 1942; p. 164: 4 V 956; p. 171: 4 V 956 [...]; p. 193: Satacă. Observaţii: numeroase pete de ceară pe mai multe file; coperta 3, ştampilă cu textul: Anticariat Sibiu. Lei 500.</subfield>
    </datafield>
    <datafield tag="650" ind1=" " ind2=" ">
      <subfield code="a">carte românească veche</subfield>
    </datafield>
    <datafield tag="650" ind1=" " ind2=" ">
      <subfield code="a">teologie</subfield>
    </datafield>
    <datafield tag="650" ind1=" " ind2=" ">
      <subfield code="a">cărţi liturgice</subfield>
    </datafield>
    <datafield tag="650" ind1=" " ind2=" ">
      <subfield code="a">strastnic</subfield>
    </datafield>
    <datafield tag="856" ind1=" " ind2=" ">
      <subfield code="u">http://www.dspace.bjastrasibiu.ro/bitstream/123456789/10294/1/BJA_CS_000275_CRV_0001-0228.pdf</subfield>
    </datafield>
    <datafield tag="995" ind1=" " ind2=" ">
      <subfield code="a">Colecţii Speciale - BRV</subfield>
      <subfield code="D">0.01</subfield>
      <subfield code="e">BRV275</subfield>
      <subfield code="F">Sediul_Central_A</subfield>
      <subfield code="j">674 BRV</subfield>
      <subfield code="U">Available</subfield>
      <subfield code="W">Dec 14, 2019</subfield>
      <subfield code="y">BRV275</subfield>
      <subfield code="Z">Împrumut la Sala</subfield>
    </datafield>
  </record>