
  <record>
    <leader>00000nam a2200000 a 4500</leader>
    <controlfield tag="001">BJSB448809</controlfield>
    <controlfield tag="008">191214s1802####|||||||||||||||||#||####u</controlfield>
    <datafield tag="050" ind1=" " ind2=" ">
      <subfield code="a">094.1(498); 264-15</subfield>
    </datafield>
    <datafield tag="245" ind1="0" ind2="0">
      <subfield code="a">Apostol acum a doao oară aşezat, şi tipărit, după rânduiala Besearicii Răsăritului. Supt stăpânirea Prea Înălţatului Înpărat al Romanilor Francisc al doilea Craiul apostolicesc, Mare Prinţip al Ardealului, şi celelalte: cu blagoslovenia mării sale Prea Luminatului, şi Prea Sfinţitului domnului domn. Ioann Bobb. Vlădicul Făgăraşului. În Blaj la Mitropolie. Anul dela naşterea lui Hs 1802. (cu tipariul seminariului).</subfield>
      <subfield code="c">Editor Ioan Bob</subfield>
      <subfield code="h">[Carte tipărită]</subfield>
    </datafield>
    <datafield tag="250" ind1=" " ind2=" ">
      <subfield code="a">Ed. a 2-a</subfield>
    </datafield>
    <datafield tag="260" ind1=" " ind2=" ">
      <subfield code="a">Blaj</subfield>
      <subfield code="b">Tiparul Seminarului</subfield>
      <subfield code="c">1802</subfield>
    </datafield>
    <datafield tag="300" ind1=" " ind2=" ">
      <subfield code="a">[1] f.; 258 p. ; 35 cm</subfield>
    </datafield>
    <datafield tag="500" ind1=" " ind2=" ">
      <subfield code="a">Greşeli de paginaţie: p. 220 e numerotată 221; p. 221 e numerotată 220. Legătura: coperţi din lemn legate în piele; păstrează urmele cheotorilor; cotorul parţial deteriorat. Însemnări: foaia de gardă de la începutul cărţii: Laurenţiu Stâncelu [...] gr. cath. în M Cap[...] anulu 1889; foaia de titlu: 1802-1918. Observaţii: coperta 3: Anticariat Sibiu Lei 500.</subfield>
    </datafield>
    <datafield tag="650" ind1=" " ind2=" ">
      <subfield code="a">Apostol (carte)</subfield>
    </datafield>
    <datafield tag="650" ind1=" " ind2=" ">
      <subfield code="a">carte românească veche</subfield>
    </datafield>
    <datafield tag="650" ind1=" " ind2=" ">
      <subfield code="a">cărţi liturgice</subfield>
    </datafield>
    <datafield tag="650" ind1=" " ind2=" ">
      <subfield code="a">teologie</subfield>
    </datafield>
    <datafield tag="995" ind1=" " ind2=" ">
      <subfield code="a">Colecţii Speciale - BRV</subfield>
      <subfield code="D">0.01</subfield>
      <subfield code="e">BRV274</subfield>
      <subfield code="F">Sediul_Central_A</subfield>
      <subfield code="j">644 BRV</subfield>
      <subfield code="U">Available</subfield>
      <subfield code="W">Dec 14, 2019</subfield>
      <subfield code="y">BRV274</subfield>
      <subfield code="Z">Împrumut la Sala</subfield>
    </datafield>
  </record>