
  <record>
    <leader>00000nam a2200000 a 4500</leader>
    <controlfield tag="001">BJSB448807</controlfield>
    <controlfield tag="008">191214s1801####|||||||||||||||||#||####u</controlfield>
    <datafield tag="050" ind1=" " ind2=" ">
      <subfield code="a">094.1(498); 929.53</subfield>
    </datafield>
    <datafield tag="245" ind1="0" ind2="0">
      <subfield code="a">Protocol a celor [...] Heparhii Ardealului a legii greceşti neunite a protopopiatului locului. Bisericii hramului.</subfield>
      <subfield code="h">[Carte tipărită]</subfield>
    </datafield>
    <datafield tag="260" ind1=" " ind2=" ">
      <subfield code="a">Sibiu</subfield>
      <subfield code="b">[S.n.]</subfield>
      <subfield code="c">1801</subfield>
    </datafield>
    <datafield tag="300" ind1=" " ind2=" ">
      <subfield code="a">[90] f. ; 34 cm</subfield>
    </datafield>
    <datafield tag="650" ind1=" " ind2=" ">
      <subfield code="a">registre de botez</subfield>
    </datafield>
    <datafield tag="650" ind1=" " ind2=" ">
      <subfield code="a">carte românească veche</subfield>
    </datafield>
    <datafield tag="995" ind1=" " ind2=" ">
      <subfield code="a">Colecţii Speciale - BRV</subfield>
      <subfield code="D">0.01</subfield>
      <subfield code="e">BRV531</subfield>
      <subfield code="F">Sediul_Central_A</subfield>
      <subfield code="j">1527 BRV</subfield>
      <subfield code="U">Available</subfield>
      <subfield code="W">Dec 14, 2019</subfield>
      <subfield code="y">BRV531</subfield>
      <subfield code="Z">Împrumut la Sala</subfield>
    </datafield>
  </record>