
  <record>
    <leader>00000nam a2200000 a 4500</leader>
    <controlfield tag="001">BJSB448806</controlfield>
    <controlfield tag="008">191214s1801####|||||||||||||||||#||####u</controlfield>
    <datafield tag="050" ind1=" " ind2=" ">
      <subfield code="a">094.1(498); 264-15</subfield>
    </datafield>
    <datafield tag="100" ind1=" " ind2=" ">
      <subfield code="a">Micu Clain, Samuil</subfield>
    </datafield>
    <datafield tag="245" ind1="1" ind2="0">
      <subfield code="a">Acathist sau carte cu multe rugatsuni pentru evlavirea fiestequarui crestin. Acum într'acest chip ashezata dela parintele Samuil Klain dela Szad, jeromonach din Monastirea SSS. Troitze din Blaju. Sibii, cu typariul lui Martin Hochmeister, Typographul Chaes. Craiesco - Dicast. 1801.</subfield>
      <subfield code="c">Samuil Micu Clain</subfield>
      <subfield code="h">[Carte tipărită]</subfield>
    </datafield>
    <datafield tag="260" ind1=" " ind2=" ">
      <subfield code="a">Sibiu</subfield>
      <subfield code="b">Tipografia Martin Hochmeister</subfield>
      <subfield code="c">1801</subfield>
    </datafield>
    <datafield tag="300" ind1=" " ind2=" ">
      <subfield code="a">XVII p.; [5] f.; 197 p.; [2] p. ; 13 cm</subfield>
    </datafield>
    <datafield tag="500" ind1=" " ind2=" ">
      <subfield code="a">Legătura: carton învelit în piele. Însemnări: coperta 2: Emilian Micu preot; 73/905. Observaţii: ştampilă de formă dreptunghiulară cu textul: Biblioteca „Astrei” (Asociaţiunea pentru lit. rom. şi cultura poporului român). Centrala Sibiu Nr. I 5352 pe p. 2, 3; ştampilă ovală cu textul: Biblioteca Asociat. Tranne. Rom. P. Cult. Şi. Lit. Pop. Rom. pe coperta 2, p. 2.</subfield>
    </datafield>
    <datafield tag="650" ind1=" " ind2=" ">
      <subfield code="a">acatiste</subfield>
    </datafield>
    <datafield tag="650" ind1=" " ind2=" ">
      <subfield code="a">carte românească veche</subfield>
    </datafield>
    <datafield tag="650" ind1=" " ind2=" ">
      <subfield code="a">teologie</subfield>
    </datafield>
    <datafield tag="650" ind1=" " ind2=" ">
      <subfield code="a">cărţi liturgice</subfield>
    </datafield>
    <datafield tag="995" ind1=" " ind2=" ">
      <subfield code="a">Colecţii Speciale - BRV</subfield>
      <subfield code="D">0.01</subfield>
      <subfield code="e">BRV091</subfield>
      <subfield code="F">Sediul_Central_A</subfield>
      <subfield code="j">633 BRV</subfield>
      <subfield code="U">Available</subfield>
      <subfield code="W">Dec 14, 2019</subfield>
      <subfield code="y">BRV091</subfield>
      <subfield code="Z">Împrumut la Sala</subfield>
    </datafield>
  </record>