
  <record>
    <leader>00000nam a2200000 a 4500</leader>
    <controlfield tag="001">BJSB448803</controlfield>
    <controlfield tag="008">191213s1785####|||||||||||||||||#||####u</controlfield>
    <datafield tag="050" ind1=" " ind2=" ">
      <subfield code="a">094.1(498); 316.343.37</subfield>
    </datafield>
    <datafield tag="245" ind1="0" ind2="0">
      <subfield code="a">Noi al doilea Iosiv ajutând mila lui Dumnezeu ales Înpărat al Romanilor, pururea podovnic, Craiul Țării Nemţăşti, a Hierozolimii, a Țării Ungureşti, a Bohemii, Dalmaţii, Croaţii, Șclavonii, a Galiţii, şi a Lodomerii. Arhipovăţuitoriul Austrii. Povăţuitoriul Burgundii, şi a Lotaringii, Mare Povăţuitoriul Hetrurii, Marele Prinţip al Ardealului, Povăţuitoriul Mediolanului [...] Parmii iproci Habjburgului, Flandrii, Tirolului, şi a săcuilor iproci iproci. Înştiinţare facem prin aceasta cărora se cuvine...</subfield>
      <subfield code="h">[Carte tipărită]</subfield>
    </datafield>
    <datafield tag="260" ind1=" " ind2=" ">
      <subfield code="a">Viena</subfield>
      <subfield code="c">1785</subfield>
    </datafield>
    <datafield tag="300" ind1=" " ind2=" ">
      <subfield code="a">[1] f. ; 39 cm</subfield>
    </datafield>
    <datafield tag="500" ind1=" " ind2=" ">
      <subfield code="a">Legătura: folie de protecţie. Observaţii: Proclamaţia lui Iosif al II-lea pentru desfiinţarea iobăgiei, Viena, 1785.</subfield>
    </datafield>
    <datafield tag="650" ind1=" " ind2=" ">
      <subfield code="a">iobăgia</subfield>
    </datafield>
    <datafield tag="650" ind1=" " ind2=" ">
      <subfield code="a">relaţii sociale</subfield>
    </datafield>
    <datafield tag="650" ind1=" " ind2=" ">
      <subfield code="a">carte românească veche</subfield>
    </datafield>
    <datafield tag="995" ind1=" " ind2=" ">
      <subfield code="a">Colecţii Speciale - BRV</subfield>
      <subfield code="D">0.01</subfield>
      <subfield code="e">BRV404</subfield>
      <subfield code="F">Sediul_Central_A</subfield>
      <subfield code="j">495 BRV</subfield>
      <subfield code="U">Available</subfield>
      <subfield code="W">Dec 13, 2019</subfield>
      <subfield code="y">BRV404</subfield>
      <subfield code="Z">Împrumut la Sala</subfield>
    </datafield>
  </record>