
  <record>
    <leader>00000nam a2200000 a 4500</leader>
    <controlfield tag="001">BJSB448799</controlfield>
    <controlfield tag="008">191213s1787####|||||||||||||||||#||####u</controlfield>
    <datafield tag="050" ind1=" " ind2=" ">
      <subfield code="a">094.1(498); 355.29</subfield>
    </datafield>
    <datafield tag="245" ind1="0" ind2="0">
      <subfield code="a">Noi a Prea Înălţatei Cesaro Crăeştii şi Apostoliceştii Măriri, al domnului domn Iosif al doilea, al Înpăratului Romanilor, al Apostolicescului Crai, al Țărilor Nemţeşti, Ungureşti, şi Bohemii, a Marelui Prinţip al Ardealului iproci. Crăesc Gubernium, tuturor pace şi mila cesaro crăiască o vestim.</subfield>
      <subfield code="h">[Carte tipărită]</subfield>
    </datafield>
    <datafield tag="260" ind1=" " ind2=" ">
      <subfield code="a">Sibiu</subfield>
      <subfield code="b">[S.n.]</subfield>
      <subfield code="c">1787</subfield>
    </datafield>
    <datafield tag="300" ind1=" " ind2=" ">
      <subfield code="a">[1] f.; 48 cm</subfield>
    </datafield>
    <datafield tag="500" ind1=" " ind2=" ">
      <subfield code="a">Legătură: folie de protecţie. Însemnări: pe versoul foii: Nr. 1240 [...] [...] 1240 apr. 787 [...] Observaţii: Patent al Guberniumului Ardealului privitor la rechemarea şi iertarea celor fugiţi din Ardeal în Ţara Românească şi în Moldova în termen de un an, Sibiu, 1787; Poenaru dă dimensiuni greşite (31 X 34); dimensiunile foii volante sunt: 48 X 40 cm</subfield>
    </datafield>
    <datafield tag="650" ind1=" " ind2=" ">
      <subfield code="a">carte românească veche</subfield>
    </datafield>
    <datafield tag="650" ind1=" " ind2=" ">
      <subfield code="a">artă militară</subfield>
    </datafield>
    <datafield tag="650" ind1=" " ind2=" ">
      <subfield code="a">demobilizarea trupelor militare</subfield>
    </datafield>
    <datafield tag="995" ind1=" " ind2=" ">
      <subfield code="a">Colecţii Speciale - BRV</subfield>
      <subfield code="D">0.01</subfield>
      <subfield code="e">BRV406</subfield>
      <subfield code="F">Sediul_Central_A</subfield>
      <subfield code="j">406a BRV</subfield>
      <subfield code="U">Available</subfield>
      <subfield code="W">Dec 13, 2019</subfield>
      <subfield code="y">BRV406</subfield>
      <subfield code="Z">Împrumut la Sala</subfield>
    </datafield>
  </record>