
  <record>
    <leader>00000nam a2200000 a 4500</leader>
    <controlfield tag="001">BJSB448779</controlfield>
    <controlfield tag="008">191213s1805####|||||||||||||||||#||####u</controlfield>
    <datafield tag="050" ind1=" " ind2=" ">
      <subfield code="a">244; 22.046; 094.1(498)</subfield>
    </datafield>
    <datafield tag="100" ind1=" " ind2=" ">
      <subfield code="a">Bob, Ioan</subfield>
    </datafield>
    <datafield tag="245" ind1="1" ind2="0">
      <subfield code="a">Carte de învăţături creştineşti. Despre deşertăciunea lumii, şi datoria omului în fieşte ce stat din SS: Scripturi culese, şi întărite pre scurt pentru mai lesne înţălegerea, şi procopseala, pre limba Rumânească aşezată de Prea o Sfinţitul, şi Prea Luminatul Domn Exelenţia Sa Ioann Bobb. Vlădicul Făgăraşului, şi a Prea Înaltei Cesaro Crăeşti mărimi sfetnic din lăuntru. Tipărită în Blaj la Mitropolie. Anul dela HS 1805. (Cu cheltuiala, şi Tipariul Seminariului) - [Vol. 1]</subfield>
      <subfield code="c">Ioan Bob</subfield>
      <subfield code="h">[Carte tipărită]</subfield>
    </datafield>
    <datafield tag="260" ind1=" " ind2=" ">
      <subfield code="a">Blaj</subfield>
      <subfield code="b">Tiparul Seminarului</subfield>
      <subfield code="c">1805</subfield>
    </datafield>
    <datafield tag="300" ind1=" " ind2=" ">
      <subfield code="a">4 file, 436 p. ; 22 cm</subfield>
    </datafield>
    <datafield tag="500" ind1=" " ind2=" ">
      <subfield code="a">Greşeli de paginaţie: p. 280 e numerotată 281; p. 293 e numerotată 294; p. 383 e numerotată 384; p. 393 e numerotată 392. Legătură: lipsă coperta 1; cotorul deteriorat. Însemnări: p. 7: Spre aducere aminte îmi făcu inscripţia mea Petru [...] 29 XI 927. Toate [...] din lume trec ca printrun vis [...] decâtu al meu [...]; fila de gardă de la sfârşitul cărţii: Pomenii. [...] Marie Petra [...] Teodora [...] marţie marţi [...] Oana Gligor [...] Teodora Oana [...]. Observaţii: exemplar incomplet, lipsesc p. 437-451 + alte trei pagini; un bilet anexat cărţii cu ştampila: Anticariat Sibiu. Lei 250. Text în limba română cu caractere chirilice.    </subfield>
    </datafield>
    <datafield tag="650" ind1=" " ind2=" ">
      <subfield code="a">teologie</subfield>
    </datafield>
    <datafield tag="650" ind1=" " ind2=" ">
      <subfield code="a">carte veche românească</subfield>
    </datafield>
    <datafield tag="650" ind1=" " ind2=" ">
      <subfield code="a">literatură religioasă</subfield>
    </datafield>
    <datafield tag="650" ind1=" " ind2=" ">
      <subfield code="a">literatură</subfield>
    </datafield>
    <datafield tag="995" ind1=" " ind2=" ">
      <subfield code="a">Colecţii Speciale - BRV</subfield>
      <subfield code="D">0.01</subfield>
      <subfield code="e">BRV292</subfield>
      <subfield code="F">Sediul_Central_A</subfield>
      <subfield code="j">677a BRV</subfield>
      <subfield code="U">Available</subfield>
      <subfield code="W">Dec 13, 2019</subfield>
      <subfield code="y">BRV292</subfield>
      <subfield code="Z">Împrumut la Sala</subfield>
    </datafield>
  </record>