
  <record>
    <leader>00000nam a2200000 a 4500</leader>
    <controlfield tag="001">BJSB448775</controlfield>
    <controlfield tag="008">191213s1805####|||||||||||||||||#||####u</controlfield>
    <datafield tag="050" ind1=" " ind2=" ">
      <subfield code="a">244; 22.046; 094.1(498)</subfield>
    </datafield>
    <datafield tag="100" ind1=" " ind2=" ">
      <subfield code="a">Bob, Ioan</subfield>
    </datafield>
    <datafield tag="245" ind1="1" ind2="0">
      <subfield code="a">Carte de învăţături creştineşti. Despre deşertăciunea lumii, şi datoria omului în fieşte ce stat din SS: Scripturi culese, şi întărite pre scurt pentru mai lesne înţălegerea, şi procopseala, pre limba Rumânească aşezată de Prea o Sfinţitul, şi Prea Luminatul Domn Exelenţia Sa Ioann Bobb. Vlădicul Făgăraşului, şi a Prea Înaltei Cesaro Crăeşti mărimi sfetnic din lăuntru. Tipărită în Blaj la Mitropolie. Anul dela HS 1805. (Cu cheltuiala, şi Tipariul Seminariului).</subfield>
      <subfield code="c">Ioan Bob</subfield>
      <subfield code="h">[Carte tipărită]</subfield>
    </datafield>
    <datafield tag="260" ind1=" " ind2=" ">
      <subfield code="a">Blaj</subfield>
      <subfield code="b">Tiparul Seminarului</subfield>
      <subfield code="c">1805-</subfield>
    </datafield>
    <datafield tag="300" ind1=" " ind2=" ">
      <subfield code="a">vol.</subfield>
    </datafield>
    <datafield tag="650" ind1=" " ind2=" ">
      <subfield code="a">teologie</subfield>
    </datafield>
    <datafield tag="650" ind1=" " ind2=" ">
      <subfield code="a">carte veche românească</subfield>
    </datafield>
    <datafield tag="650" ind1=" " ind2=" ">
      <subfield code="a">literatură</subfield>
    </datafield>
    <datafield tag="650" ind1=" " ind2=" ">
      <subfield code="a">literatură religioasă</subfield>
    </datafield>
  </record>