
  <record>
    <leader>00000nam a2200000 a 4500</leader>
    <controlfield tag="001">BJSB448772</controlfield>
    <controlfield tag="008">191213s1787####xx#||||||||||||||#||####u</controlfield>
    <datafield tag="050" ind1=" " ind2=" ">
      <subfield code="a">094.1(498); 631.585(094)</subfield>
    </datafield>
    <datafield tag="245" ind1="0" ind2="0">
      <subfield code="a">Nro. 885. A. 1787. Prefacerea poruncei Marelui Sultan, adecă a Înpăratului Turcesc cătră Voda Țării Rumâneşti, anume Nicolae Mavrogheni în ce chip va trăbui a lucra cu păstorii cei din Țara Ardealului.</subfield>
      <subfield code="h">[Carte tipărită]</subfield>
    </datafield>
    <datafield tag="260" ind1=" " ind2=" ">
      <subfield code="a"/>
      <subfield code="b">[S.n.]</subfield>
      <subfield code="c">1787</subfield>
    </datafield>
    <datafield tag="300" ind1=" " ind2=" ">
      <subfield code="a">[4] f.; 33 cm</subfield>
    </datafield>
    <datafield tag="500" ind1=" " ind2=" ">
      <subfield code="a">Legătura: folie de protecţie. Însemnări: fila 1: Documente istorice; Nuşfalău [...]; Notă: Acum, când economilor noştri de vite li s'a îngreunat atât de mult trecerea peste graniţă în România, şi când prin noua convenţie vamală li se face imposibilă continuarea ocupaţiei lor de până acum, va fi de interes şi de actualitate a cunoaşte cum se îngrija guvernul împărătesc al lui Iosif II de ciobanii români din Ardeal, stăruind prin trimişii săi la Poarta otomană, ca marele sultan să dea porunci în favorul lor. I. L.; fila 4 v: A se vedea şi traducerea germană a acestei porunci publicată de Dr. I. A. [...] în lucrarea sa Die soltische [...] in Grossfürstenthum (?) Siebenburgen, Sibiu 1857 vol. II, pag. 35-39.</subfield>
    </datafield>
    <datafield tag="650" ind1=" " ind2=" ">
      <subfield code="a">transhumanţă</subfield>
    </datafield>
    <datafield tag="650" ind1=" " ind2=" ">
      <subfield code="a">carte românească veche</subfield>
    </datafield>
    <datafield tag="650" ind1=" " ind2=" ">
      <subfield code="a">sisteme pastorale</subfield>
    </datafield>
    <datafield tag="650" ind1=" " ind2=" ">
      <subfield code="a">legislaţie</subfield>
    </datafield>
    <datafield tag="995" ind1=" " ind2=" ">
      <subfield code="a">Colecţii Speciale - BRV</subfield>
      <subfield code="D">0.01</subfield>
      <subfield code="e">BRV397</subfield>
      <subfield code="F">Sediul_Central_A</subfield>
      <subfield code="j">397a BRV</subfield>
      <subfield code="U">Available</subfield>
      <subfield code="W">Dec 13, 2019</subfield>
      <subfield code="y">BRV397</subfield>
      <subfield code="Z">Împrumut la Sala</subfield>
    </datafield>
  </record>