
  <record>
    <leader>00000nam a2200000 a 4500</leader>
    <controlfield tag="001">BJSB448771</controlfield>
    <controlfield tag="008">191213s1789####|||||||||||||||||#||####u</controlfield>
    <datafield tag="050" ind1=" " ind2=" ">
      <subfield code="a">094.1(498); 261.7</subfield>
    </datafield>
    <datafield tag="100" ind1=" " ind2=" ">
      <subfield code="a">Banfi, Gheorghie</subfield>
    </datafield>
    <datafield tag="245" ind1="1" ind2="1">
      <subfield code="a">[Protocolul ordinelor Împăratului Iosif II din anii 1788-1789, privind biserica şi preoţii. ]</subfield>
      <subfield code="c">Gheorghie Banfi</subfield>
      <subfield code="h">[Carte tipărită]</subfield>
    </datafield>
    <datafield tag="260" ind1=" " ind2=" ">
      <subfield code="a">Sibiu</subfield>
      <subfield code="b">[S.n.]</subfield>
      <subfield code="c">1789</subfield>
    </datafield>
    <datafield tag="300" ind1=" " ind2=" ">
      <subfield code="a">[9] p. ; 36 cm</subfield>
    </datafield>
    <datafield tag="500" ind1=" " ind2=" ">
      <subfield code="a">Legătura: folie de protecţie. Însemnări: p. 9 v: 37 No 876 bibl. as. trane. Observaţii: cuprinde înştinţări ale împăratului dintre 21 februarie 1788-14 aprilie 1789, date şi expediate de guvernul Ardealului sub nr. 5202 din 1789; p. 9 se încheie cu textul: Acest protocol să vinde cu noao crăiţari; spre deosebire de descrierea oferită de Daniela Poenaru paginile sunt nenumerotate.</subfield>
    </datafield>
    <datafield tag="650" ind1=" " ind2=" ">
      <subfield code="a">carte românească veche</subfield>
    </datafield>
    <datafield tag="650" ind1=" " ind2=" ">
      <subfield code="a">biserica şi autorităţile civile</subfield>
    </datafield>
    <datafield tag="995" ind1=" " ind2=" ">
      <subfield code="a">Colecţii Speciale - BRV</subfield>
      <subfield code="D">0.01</subfield>
      <subfield code="e">BRV075</subfield>
      <subfield code="F">Sediul_Central_A</subfield>
      <subfield code="j">532a BRV</subfield>
      <subfield code="U">Available</subfield>
      <subfield code="W">Dec 13, 2019</subfield>
      <subfield code="y">BRV075</subfield>
      <subfield code="Z">Împrumut la Sala</subfield>
    </datafield>
  </record>