
  <record>
    <leader>00000nam a2200000 a 4500</leader>
    <controlfield tag="001">BJSB448770</controlfield>
    <controlfield tag="008">191213s1796####|||||||||||||||||#||####u</controlfield>
    <datafield tag="050" ind1=" " ind2=" ">
      <subfield code="a">241; 261.4; 173; 091.4(498) </subfield>
    </datafield>
    <datafield tag="100" ind1=" " ind2=" ">
      <subfield code="a">Micu Clain, Samuil</subfield>
    </datafield>
    <datafield tag="245" ind1="1" ind2="0">
      <subfield code="a">Teologhia moralicească sau Bogoslovia care cuprinde învăţătura năravurilor celor bune, şi a vieţii creştineşti, după S: Scriptură, şi din Sfinţii Părinţi culeasă, şi întracest chip aşezată după rânduiala S: Besericii Răsăritului, supt stăpânirea Prea Înălţatului Înpărat al Romanilor Francişc al doilea cu blagoslovenia Măriei Sale, Prea Luminatului, şi Prea Sfinţitului Domnului Domn Ioann Bobb Vlădicul Făgăraşului acum întâi tipărită în Blaj. Anii dela Hs, 1796. - [Vol. 1]</subfield>
      <subfield code="c">[Samuil Micu-Clain]</subfield>
      <subfield code="h">[Carte tipărită]</subfield>
    </datafield>
    <datafield tag="260" ind1=" " ind2=" ">
      <subfield code="a">Blaj</subfield>
      <subfield code="b">Tipografia Seminariului</subfield>
      <subfield code="c">1796</subfield>
    </datafield>
    <datafield tag="300" ind1=" " ind2=" ">
      <subfield code="a">2 file nenumerotate, 303 p. numerotate, 1 p. nenumerotată, 1 filă nenumerotată, 370 p. numerotate ; 23 cm</subfield>
    </datafield>
    <datafield tag="500" ind1=" " ind2=" ">
      <subfield code="a">Legătura: coperţi din carton recent, cotorul învelit în piele. Însemnări: coperta 2: Petr Ciorogar; Horea Petrus 1825; fila de titlu: Această teologhie a năravurilor; fila 2 nenumerotată este a mea Petru Florea; p. 1: [...] dela Biertan; p. 3: el (?) su: Mediaşului şi o am; p. 5: cumpărat din Blaj cu 4 zloţi; p. 7: Ano 825 ianuar 12 zile;  p. 76 (II): [...] şi [...] carii nu ştii carii; p. 89: cel cu 10 [...] 20 se [...] 40 [...] 20; p. 106: [...]; fila de gardă: Îndreptările din Marea (?) [...] din Cartea a 2. C. 4 P. 161. D. 54. [...] este durare adecă luarea lucrului strein la care stăpânul lucrului înţelepciune să poate [...] ca să nui lase ştiind şi de cei nu ştie încă sar putea înpotrivind lar şti. [C.] 4 [P.] 141 [D.] 69. De cumva cineva din frică grea [...] întări făgăduinţa sa altur nu e datoriu a o plini iar pentru jurământ să şi [...] de o legare dela Duhovnic. [C.] 6 [P.] 222 [D.] 92. Preotul să opreşte a fi chioş (?). Logodna să face deodată cu cununia cele de învoire la logodnă să pui la încredinţare; [C.] 6 [P.] 231[D.] 99. Prelaţii să slobod la căsătorie trecând 40 de zile de la moartea muerii sale; fila de gardă v:  Încredinţarea înlocui logodnii nu înpedecă căsătoria a să face cu aceste feţe (?); 100. Făgăduinţa care nu de obşte ci de osebi făcută adecă a ţinea curăţia nu înpedecă căsătoria.  [C.] 6 [P.] 241 [D.] 106. Încuscria a doao să opreşte numai o spiţă şi deala(l)ta 6 adecă tatăl şi feciorul spiţa întăi 2 al 2-lea văr în spiţa a 6 cu cea dei tată şi fecior 9 spiţe nu să pot loao pentru amestecarea lumelor. [C.] 6 [P.] 244 [D.] 108. Rudenia cea duhovnicească este oprită  7 (?) spiţe dară a 8: este sloboadă înpedecă şi istrică căsătoria făcută cu [...] legat în legiuita căsătorie care sunt fugite şi i neştiută care prin; fila de gardă 2: C. I. Să cheamă desfăcută la soţ sau la cauza (?) de căsătorie unile feţe ca acestea la Prav. (?) credinţă unită nu îngădue a păşi (?) cealtă (?) căsătorii măcar lejuitul soţ fugi după porunca C. I. Nu arată sau la partea cea lăsat sau la [...]. [C.] 6 [P.] 249 [D.] 111. Neputinţa este de 2 feliuri una [...] solut (?), altă reşpectiv cea reşpuctivă (?) nepunticeoasă sete (?) care cu soţul sau nu poate deplin săvârşi sfârşitul căsătoriei iară cu altă faţă sau părsoană poate avea întraceşt să face despărţire şi partea sa sănătoasă să sloboade la altă căsătorie după făcutele răndueli de mai sus arătate subt acest Para[...] iară partea sa neputincioasă reşpectiv la vreme de sar; fila de gardă 2 v: afla nu ar fi oare care părsoană cu care şar putea dobândi sfârşitul căsătoriei atuncea şi partea aceasta să sloboade a să căsători cu acela cu care poate să aibă înpreunare trupească. [C.] 6 [P.] 250 [D.] 111. Înpedecare de căsătorie este nevrâsta feţelor a feciorului mai jos de 20 de ani, şi fata mai jos de 18 ani iară de să face nu să strică ci cunună mari (?) lut (?) pe dânsă. [C.] 6 [P.] 242 [D.] 106. La a treia cuscrie a cădea în spiţa a 2 chipui este aşa fata şi muma văduvă dintru neam  bărbatul carele ia pre aceasta muiare dintralt neam dacă moare această muiare a acestui bărbat ia acesta altă muiare iară văduvă cu un fecior dela alt bărbat; fila de gardă 3: acesta este dintralt neam iară şi sunt trei neamuri fata muerii cei dintâi cu feciorul muerii cei de a 2 este spiţa a 2 sau aşa în pildă eu sunt cu tatăl mieu văduv dintru neam, tatăl mieu la a 2 muiare din tralt neam sunt 2 neamuri dacă moare tatăl mieu mumămea cea vitregă să mărită după alt bărbat acela iară este dintralt neam, şi sunt 3 neamuri după acela iară are fată dela altă muiare eu cu fata aceluia sânt spiţa a 2; coperta 3: Adeverire despre ajutoriul ce lar [..] cini cu jărtve şi cu milos [...] faţa 162 Paragrav 16 cartea a treia cap. 10; [...] şi [...] de moarte [...] de milostenii [...] Cap. 4 faţe 55 par. 163 [...]. Observaţii: coperta 3; ştampilă cu textul: Anticariat Sibiu. 1000 Lei. 222P 3 X 80. Text în limba română cu caractere chirilice.</subfield>
    </datafield>
    <datafield tag="650" ind1=" " ind2=" ">
      <subfield code="a">teologie morală</subfield>
    </datafield>
    <datafield tag="650" ind1=" " ind2=" ">
      <subfield code="a">Biserica</subfield>
    </datafield>
    <datafield tag="650" ind1=" " ind2=" ">
      <subfield code="a">teologie</subfield>
    </datafield>
    <datafield tag="650" ind1=" " ind2=" ">
      <subfield code="a">morala familiei</subfield>
    </datafield>
    <datafield tag="650" ind1=" " ind2=" ">
      <subfield code="a">carte veche românească</subfield>
    </datafield>
    <datafield tag="650" ind1=" " ind2=" ">
      <subfield code="a">biserica greco-catolica</subfield>
    </datafield>
    <datafield tag="650" ind1=" " ind2=" ">
      <subfield code="a">biserica şi statul</subfield>
    </datafield>
    <datafield tag="856" ind1=" " ind2=" ">
      <subfield code="u">http://www.dspace.bjastrasibiu.ro/bitstream/123456789/10146/1/BJA_CS_000496_CRV_0001-0690.pdf</subfield>
    </datafield>
    <datafield tag="995" ind1=" " ind2=" ">
      <subfield code="a">Colecţii Speciale - BRV</subfield>
      <subfield code="D">0.01</subfield>
      <subfield code="e">BRV496</subfield>
      <subfield code="F">Sediul_Central_A</subfield>
      <subfield code="j">600 BRV</subfield>
      <subfield code="U">Available</subfield>
      <subfield code="W">Dec 13, 2019</subfield>
      <subfield code="y">BRV496</subfield>
      <subfield code="Z">Împrumut la Sala</subfield>
    </datafield>
  </record>