
  <record>
    <leader>00000nam a2200000 a 4500</leader>
    <controlfield tag="001">BJSB448767</controlfield>
    <controlfield tag="008">191213s1792####|||||||||||||||||#||####u</controlfield>
    <datafield tag="050" ind1=" " ind2=" ">
      <subfield code="a">094.1(498); 262.16</subfield>
    </datafield>
    <datafield tag="245" ind1="0" ind2="0">
      <subfield code="a">Gherasim cu mila lui Dumnezeu, pravoslavnic Episcop al ne-uniţilor, în Mare Prinţipat al Ardealului.</subfield>
      <subfield code="h">[Carte tipărită]</subfield>
    </datafield>
    <datafield tag="260" ind1=" " ind2=" ">
      <subfield code="a">Sibiu</subfield>
      <subfield code="b">[S.n.]</subfield>
      <subfield code="c">1792</subfield>
    </datafield>
    <datafield tag="300" ind1=" " ind2=" ">
      <subfield code="a">[1] f.; 39 cm</subfield>
    </datafield>
    <datafield tag="500" ind1=" " ind2=" ">
      <subfield code="a">Legătura: folie de protecţie. Însemnări: 339 792 P. H. Observaţii: cartea de hirotonire a fost eliberată în anul 1792; formularul a fost tipărit cu câţiva ani înainte, poate chiar în primul an de păstorire a episcopului Gherasim Adamovici (1789); decretul de numire de preot a lui Crăciun Popovici în Bogata de Mureş; „Sau dat în Sibiu la anul 1792 sept 27 de zile”.</subfield>
    </datafield>
    <datafield tag="650" ind1=" " ind2=" ">
      <subfield code="a">teologie</subfield>
    </datafield>
    <datafield tag="650" ind1=" " ind2=" ">
      <subfield code="a">carte românească veche</subfield>
    </datafield>
    <datafield tag="650" ind1=" " ind2=" ">
      <subfield code="a">carte de hirotonire</subfield>
    </datafield>
    <datafield tag="650" ind1=" " ind2=" ">
      <subfield code="a">teologie ortodoxă</subfield>
    </datafield>
    <datafield tag="995" ind1=" " ind2=" ">
      <subfield code="a">Colecţii Speciale - BRV</subfield>
      <subfield code="D">0.01</subfield>
      <subfield code="e">BRV078</subfield>
      <subfield code="F">Sediul_Central_A</subfield>
      <subfield code="j">557a BRV</subfield>
      <subfield code="U">Available</subfield>
      <subfield code="W">Dec 13, 2019</subfield>
      <subfield code="y">BRV078</subfield>
      <subfield code="Z">Împrumut la Sala</subfield>
    </datafield>
  </record>