
  <record>
    <leader>00000nam a2200000 a 4500</leader>
    <controlfield tag="001">BJSB448766</controlfield>
    <controlfield tag="008">191213s1793####|||||||||||||||||#||####u</controlfield>
    <datafield tag="050" ind1=" " ind2=" ">
      <subfield code="a">094.1(498); 52-13</subfield>
    </datafield>
    <datafield tag="245" ind1="0" ind2="0">
      <subfield code="a">Mâna lui Damaschin acum întâi întracest chip pe înţeles aşezată cu multe alte adaose rânduieli îmbogăţită, şi tipărită pentru folosul de obşte al pravoslavnicilor de beserica răsăritului. Sibiu. La anul dela Hs 1793.</subfield>
      <subfield code="h">[Carte tipărită]</subfield>
    </datafield>
    <datafield tag="260" ind1=" " ind2=" ">
      <subfield code="a">Sibiu</subfield>
      <subfield code="b">Tipografia Ioan Bart</subfield>
      <subfield code="c">1793</subfield>
    </datafield>
    <datafield tag="300" ind1=" " ind2=" ">
      <subfield code="a">[5] f.; 74 p.; [1] f.; 17 cm</subfield>
    </datafield>
    <datafield tag="500" ind1=" " ind2=" ">
      <subfield code="a">Legătura: coperţi din lemn învelite în carton recent marmorat. Însemnări: coperta 2: însemnare ilizibilă; foaia de titlu v: Popa Iuon Savu; Protopop Proprietate alui Pamfilie Savu; coperta 3: Ion Savu. Demeter Savu [...] Savu [...] Observaţii: paginile sunt numerotate până la p. 56.</subfield>
    </datafield>
    <datafield tag="650" ind1=" " ind2=" ">
      <subfield code="a">astronomie</subfield>
    </datafield>
    <datafield tag="650" ind1=" " ind2=" ">
      <subfield code="a">carte românească veche</subfield>
    </datafield>
    <datafield tag="650" ind1=" " ind2=" ">
      <subfield code="a">observații și măsurători</subfield>
    </datafield>
    <datafield tag="995" ind1=" " ind2=" ">
      <subfield code="a">Colecţii Speciale - BRV</subfield>
      <subfield code="D">0.01</subfield>
      <subfield code="e">BRV476</subfield>
      <subfield code="F">Sediul_Central_A</subfield>
      <subfield code="j">565 BRV</subfield>
      <subfield code="U">Available</subfield>
      <subfield code="W">Dec 13, 2019</subfield>
      <subfield code="y">BRV476</subfield>
      <subfield code="Z">Împrumut la Sala</subfield>
    </datafield>
  </record>