
  <record>
    <leader>00000nam a2200000 a 4500</leader>
    <controlfield tag="001">BJSB448742</controlfield>
    <controlfield tag="008">191213s1794####|||||||||||||||||#||####u</controlfield>
    <datafield tag="050" ind1=" " ind2=" ">
      <subfield code="a">094.1(498); 929.53</subfield>
    </datafield>
    <datafield tag="245" ind1="0" ind2="0">
      <subfield code="a">Protocol a celor [...] heparhii Ardealului a legii greceşti neunite a protopopiatului locului. Bisericii hramului.</subfield>
      <subfield code="h">[Carte tipărită]</subfield>
    </datafield>
    <datafield tag="260" ind1=" " ind2=" ">
      <subfield code="a">Sibiu</subfield>
      <subfield code="b">[S.n.]</subfield>
      <subfield code="c">1794</subfield>
    </datafield>
    <datafield tag="300" ind1=" " ind2=" ">
      <subfield code="a">[79] f.; 34 cm</subfield>
    </datafield>
    <datafield tag="500" ind1=" " ind2=" ">
      <subfield code="a">Legătura: carton recent marmorat; cotorul şi colţurile învelite în pânză de culoare maronie. Observaţii: registrul cuprinde câte şase certificate de naştere pe fiecare filă; redăm conţinutul: Sau născut prunc de partea [...] la zioa [...] / la luna [...] la anul [...] de părinţi de legea gre- / cească neunită pravoslavnici, acăruia tatăl [...] / dar muma [...] lăcuitoriu în [...]. / Sau botezat şi cu Sfântul Mir sau uns prin mine / mai jos iscălitul paroh şi preot al besericii hramului / [...] în zioa [...] luna [...] anul / mai sus numit. Şi sau dat în Sfântul Botez pruncu- / lui nume [...]. Naş au fost [...]. / Lăcuitori [...]. Cu chiar mâna sa [...]. / Paroh [...]; spaţiile dintre paranteze erau completate cu date de ordin personal; registrul cuprinde pe cei născuţi între 1794-1851 (de altfel, el poate fi datat doar pe baza însemnărilor conţinând datele personale ale celor botezaţi); registrul cuprinde pe cei născuţi în satul Belin; certificatele de naştere sunt identice cu cele ale unui alt registru cuprinzând pe cei născuţi în intervalul 1801-1807; titlul registrului îl reproduce pe cel descris anterior; anexat registrului regăsim 10 file păstrate în format manuscris cu următoarea rubricatură: Nr. kaszi. Numele famelilor. Parte berbeteaske. Parte femeiaske. Szuma. Anul Nasterii. Luna. Ziua; sunt reproduse date de ordin personal conform rubricaturii pentru 127 de familii; cea mai recentă însemnare este din anul 1870; fila de gardă de la sfârşitul cărţii, ştampilă cu textul : Anticariat Sibiu Lei 125.</subfield>
    </datafield>
    <datafield tag="650" ind1=" " ind2=" ">
      <subfield code="a">carte românească veche</subfield>
    </datafield>
    <datafield tag="650" ind1=" " ind2=" ">
      <subfield code="a">registre de botez</subfield>
    </datafield>
    <datafield tag="995" ind1=" " ind2=" ">
      <subfield code="a">Colecţii Speciale - BRV</subfield>
      <subfield code="D">0.01</subfield>
      <subfield code="e">BRV472</subfield>
      <subfield code="F">Sediul_Central_A</subfield>
      <subfield code="j">472a BRV</subfield>
      <subfield code="U">Available</subfield>
      <subfield code="W">Dec 13, 2019</subfield>
      <subfield code="y">BRV472</subfield>
      <subfield code="Z">Împrumut la Sala</subfield>
    </datafield>
  </record>