
  <record>
    <leader>00000nam a2200000 a 4500</leader>
    <controlfield tag="001">BJSB448733</controlfield>
    <controlfield tag="008">191213s1810####|||||||||||||||||#||####u</controlfield>
    <datafield tag="050" ind1=" " ind2=" ">
      <subfield code="a">252.8; 094.1(498)</subfield>
    </datafield>
    <datafield tag="100" ind1=" " ind2=" ">
      <subfield code="a">Maior, Petru</subfield>
    </datafield>
    <datafield tag="245" ind1="1" ind2="0">
      <subfield code="a">Prediche sau învăţături la toate duminecile şi sărbătorile anului culease de Petru Maior de Dicio Sân-Mărtin paroh Sas-Reghinului, şi protopop Gurghiului în Ardeal, precum şi la Înălţatul Crăiescul Locumtenenţiale Consilium al Ungariei crăesc cărţilor revizor - Partea I : care cuprinde predicele de la Dumineca Vameșului pănă la Dumineca Tuturor Sfinților</subfield>
      <subfield code="c">Petru Maior</subfield>
      <subfield code="h">[Carte tipărită]</subfield>
    </datafield>
    <datafield tag="260" ind1=" " ind2=" ">
      <subfield code="a">Buda</subfield>
      <subfield code="b">Crăiasca Tipografie a Universității Ungurești</subfield>
      <subfield code="c">1810</subfield>
    </datafield>
    <datafield tag="300" ind1=" " ind2=" ">
      <subfield code="a">5 file nenumerotate, 237 p ; 23 cm</subfield>
    </datafield>
    <datafield tag="500" ind1=" " ind2=" ">
      <subfield code="a">Legătura: copertă din carton recent legată în pânză de culoare maronie; pe cotor, legat în piele, apare numele autorului şi titlul cărţii. Însemnări: coperta 2: o serie de socoteli; foaia de titlu: 230/897; p. 213: Ignatie Simianţiu; p. 237: Predica iaste a me cumperate cu 24 zl în Sagen. Annu 1828 de Ladaşan Pavel. Învăţătoru; Sau cumpărat dela Pavel Ladaşan Preotul Teliului de Pavel Lazarescu Parohul Lipovii cu 16 fl. w.w.; coperta 3:  Ignat Simianţiu [...]. Observaţii: ştampilă de formă dreptunghiulară cu textul: Biblioteca „Astrei” (Asociaţiunea pentru lit. rom. şi cultura poporului român). Centrala Sibiu Nr. 87, foaia de gardă de la începutul cărţii, foaia de titlu; ştampilă ovală cu textul: Biblioteca Centrală a Asociaţiunii Sibiiu pe p. 15, 97, 223; ştampilă ovală cu textul: Biblioteca Asociat. Tranne. P. Cult. Şi Lit. Pop. Rom. pe foaia de titlu. Text în limba română cu caractere chirilice.</subfield>
    </datafield>
    <datafield tag="650" ind1=" " ind2=" ">
      <subfield code="a">teologie</subfield>
    </datafield>
    <datafield tag="650" ind1=" " ind2=" ">
      <subfield code="a">predici</subfield>
    </datafield>
    <datafield tag="650" ind1=" " ind2=" ">
      <subfield code="a">teologie creştină</subfield>
    </datafield>
    <datafield tag="650" ind1=" " ind2=" ">
      <subfield code="a">sărbători creștine</subfield>
    </datafield>
    <datafield tag="650" ind1=" " ind2=" ">
      <subfield code="a">sărbători religioase</subfield>
    </datafield>
    <datafield tag="650" ind1=" " ind2=" ">
      <subfield code="a">carte veche românească</subfield>
    </datafield>
    <datafield tag="995" ind1=" " ind2=" ">
      <subfield code="a">Colecţii Speciale - BRV</subfield>
      <subfield code="D">0.01</subfield>
      <subfield code="e">BRV238</subfield>
      <subfield code="F">Sediul_Central_A</subfield>
      <subfield code="j">779 BRV</subfield>
      <subfield code="U">Available</subfield>
      <subfield code="W">Dec 13, 2019</subfield>
      <subfield code="y">BRV238</subfield>
      <subfield code="Z">Împrumut la Sala</subfield>
    </datafield>
  </record>