
  <record>
    <leader>00000nam a2200000 a 4500</leader>
    <controlfield tag="001">BJSB448711</controlfield>
    <controlfield tag="008">191213s1797####|||||||||||||||||#||####u</controlfield>
    <datafield tag="050" ind1=" " ind2=" ">
      <subfield code="a">094.1(498); 811.135.1'36</subfield>
    </datafield>
    <datafield tag="100" ind1=" " ind2=" ">
      <subfield code="a">TEMPEA, RADU</subfield>
    </datafield>
    <datafield tag="245" ind1="1" ind2="0">
      <subfield code="a">Gramatică românească alcătuită de Radu Tempea directorul şcolelor neunite naţionaliceşti prin Marele Principat al Ardealului. Cu slobozenia celor mai mari. Sibii. În Tipografia lui Petru Bart. 1797.</subfield>
      <subfield code="c">Radu Tempea</subfield>
      <subfield code="h">[Carte tipărită]</subfield>
    </datafield>
    <datafield tag="260" ind1=" " ind2=" ">
      <subfield code="a">Sibiu</subfield>
      <subfield code="b">Tipografia Petru Bart</subfield>
      <subfield code="c">1797</subfield>
    </datafield>
    <datafield tag="300" ind1=" " ind2=" ">
      <subfield code="a">[8] f.; 218 p.; [1] f. ; 18 cm</subfield>
    </datafield>
    <datafield tag="500" ind1=" " ind2=" ">
      <subfield code="a">Greşeli de paginaţie: p. 65 e numerotată 75 (numerotarea continuă greşit) Legătura: carton recent marmorat; cotorul şi colţurile legate în piele. Însemnări: fila 2: Prietenului meu şi al învăţăturii gramaticeşti dau această carte eu Visarion Goga. 1902. Observaţii: p. 95-98 au fost compactate greşit între p. 91-94; p. 99-102 au fost compactate greşit între p. 106-107; ştampilă de formă dreptunghiulară cu textul: Biblioteca „Astrei” (Asociaţiunea pentru lit. rom. şi cultura poporului român). Centrala Sibiu Nr. 15307 pe foaia de gardă, foaia de titlu; ştampilă ovală cu textul Biblioteca Centrală a Asociaţiunii Sibiiu pe foaia de gardă.</subfield>
    </datafield>
    <datafield tag="650" ind1=" " ind2=" ">
      <subfield code="a">gramatică</subfield>
    </datafield>
    <datafield tag="650" ind1=" " ind2=" ">
      <subfield code="a">lingvistică</subfield>
    </datafield>
    <datafield tag="650" ind1=" " ind2=" ">
      <subfield code="a">carte românească veche</subfield>
    </datafield>
    <datafield tag="856" ind1=" " ind2=" ">
      <subfield code="u">http://www.dspace.bjastrasibiu.ro/bitstream/123456789/10542/1/BJA_CS_000084_CRV_0001_0232.pdf</subfield>
    </datafield>
    <datafield tag="995" ind1=" " ind2=" ">
      <subfield code="a">Colecţii Speciale - BRV</subfield>
      <subfield code="D">0.01</subfield>
      <subfield code="e">BRV084</subfield>
      <subfield code="F">Sediul_Central_A</subfield>
      <subfield code="j">612a BRV</subfield>
      <subfield code="U">Available</subfield>
      <subfield code="W">Dec 13, 2019</subfield>
      <subfield code="y">BRV084</subfield>
      <subfield code="Z">Împrumut la Sala</subfield>
    </datafield>
  </record>