
  <record>
    <leader>00000nam a2200000 a 4500</leader>
    <controlfield tag="001">BJSB448704</controlfield>
    <controlfield tag="008">191212s1798####|||||||||||||||||#||####u</controlfield>
    <datafield tag="050" ind1=" " ind2=" ">
      <subfield code="a">094.1(498); 808.5</subfield>
    </datafield>
    <datafield tag="100" ind1=" " ind2=" ">
      <subfield code="a">Piuariu-Molnar, Ioan</subfield>
    </datafield>
    <datafield tag="245" ind1="1" ind2="0">
      <subfield code="a">Retorică adecă învăţătura şi întocmirea frumoasei cuvântări acum întâiu izvodită pe limba românească. Înpodobită şi întemeiată cu pildele vechilor filosofi, şi dascăli bisericeşti. În Buda: Sau tipărit în Crăiasca Tipografie Orientalicească, a Universitatei Peştii. 1798.</subfield>
      <subfield code="c">Ioan Piuariu Molnar</subfield>
      <subfield code="h">[Carte tipărită]</subfield>
    </datafield>
    <datafield tag="250" ind1=" " ind2=" ">
      <subfield code="a">Ed. 1</subfield>
    </datafield>
    <datafield tag="260" ind1=" " ind2=" ">
      <subfield code="a">Buda</subfield>
      <subfield code="b">Crăiasca Tipografie a Universității Ungurești</subfield>
      <subfield code="c">1798</subfield>
    </datafield>
    <datafield tag="300" ind1=" " ind2=" ">
      <subfield code="a">296 p. ; 21 cm</subfield>
    </datafield>
    <datafield tag="500" ind1=" " ind2=" ">
      <subfield code="a">Legătura: carton recent marmorat; pe cotor apare titlul cărţii. Observaţii: ştampilă de formă dreptunghiulară: Biblioteca „Astrei” (Asociaţiunea pentru lit. rom. şi cultura poporului român). Centrala Sibiu Nr. 1470 pe foaia de titlu.</subfield>
    </datafield>
    <datafield tag="650" ind1=" " ind2=" ">
      <subfield code="a">retorica vorbirii</subfield>
    </datafield>
    <datafield tag="650" ind1=" " ind2=" ">
      <subfield code="a">retorică</subfield>
    </datafield>
    <datafield tag="650" ind1=" " ind2=" ">
      <subfield code="a">carte românească veche</subfield>
    </datafield>
    <datafield tag="856" ind1=" " ind2=" ">
      <subfield code="u">http://www.dspace.bjastrasibiu.ro/bitstream/123456789/10412/1/BJA_CS_000087_CRV_0001-0296.pdf</subfield>
    </datafield>
    <datafield tag="995" ind1=" " ind2=" ">
      <subfield code="a">Colecţii Speciale - BRV</subfield>
      <subfield code="D">0.01</subfield>
      <subfield code="e">BRV087</subfield>
      <subfield code="F">Sediul_Central_A</subfield>
      <subfield code="j">616 BRV</subfield>
      <subfield code="U">Available</subfield>
      <subfield code="W">Dec 12, 2019</subfield>
      <subfield code="y">BRV087</subfield>
      <subfield code="Z">Împrumut la Sala</subfield>
    </datafield>
  </record>