
  <record>
    <leader>00000nam a2200000 a 4500</leader>
    <controlfield tag="001">BJSB448697</controlfield>
    <controlfield tag="008">191212s1830####|||||||||||||||||#||####u</controlfield>
    <datafield tag="050" ind1=" " ind2=" ">
      <subfield code="a">008; 094.1(498)</subfield>
    </datafield>
    <datafield tag="100" ind1=" " ind2=" ">
      <subfield code="a">Carcalechi, Zaharia</subfield>
    </datafield>
    <datafield tag="245" ind1="1" ind2="0">
      <subfield code="a">Bibliotecă românească sau adunări de multe lucruri folositoare, întocmită în 12 părţi, întâia oară tălmăcită de prea învăţaţi bărbaţi, şi tipărită pentru neamul românesc prin Zaharie Carcalechi izvoditoriul acestei biblioteci - Partea III : Cu închipuirea prinţipului Mihai şi Iroului</subfield>
      <subfield code="c">Zaharia Carcalechi</subfield>
      <subfield code="h">[Carte tipărită]</subfield>
    </datafield>
    <datafield tag="260" ind1=" " ind2=" ">
      <subfield code="a">Buda</subfield>
      <subfield code="b">Crăiasca Tipografie a Universitatei Ungariei</subfield>
      <subfield code="c">1830</subfield>
    </datafield>
    <datafield tag="300" ind1=" " ind2=" ">
      <subfield code="a">2 file nenumerotate, 60 p. ; 25 cm</subfield>
    </datafield>
    <datafield tag="500" ind1=" " ind2=" ">
      <subfield code="a">Legătura: carton recent marmorat; cotorul deteriorat. Însemnări: fila de gardă v: Drept recunostinţă o donez onorabilei Redacţiuni a „Gazetei Transilvaniea” Braşov în 28/10 octombre 1912. Nicolae Mohan (?) [...] (partea a treia). Observaţii: ştampilă de formă dreptunghiulară cu textul: Biblioteca „Astrei” (Asociaţiunea pentru lit. rom. şi cultura poporului român). Centrala Sibiu. Nr. 10122, pe foaia de titlu (partea a treia); este colligat cu partea a IV-a a lucrării. Text în limba română cu caractere chirilice.</subfield>
    </datafield>
    <datafield tag="650" ind1=" " ind2=" ">
      <subfield code="a">istorie</subfield>
    </datafield>
    <datafield tag="650" ind1=" " ind2=" ">
      <subfield code="a">istorie antică</subfield>
    </datafield>
    <datafield tag="650" ind1=" " ind2=" ">
      <subfield code="a">cultură</subfield>
    </datafield>
    <datafield tag="650" ind1=" " ind2=" ">
      <subfield code="a">istoria României</subfield>
    </datafield>
    <datafield tag="650" ind1=" " ind2=" ">
      <subfield code="a">cultură și civilizație</subfield>
    </datafield>
    <datafield tag="650" ind1=" " ind2=" ">
      <subfield code="a">carte veche românească</subfield>
    </datafield>
    <datafield tag="856" ind1=" " ind2=" ">
      <subfield code="u">http://www.dspace.bjastrasibiu.ro/bitstream/123456789/2319/1/BJA_CS_000208_CRV_0001-0140.pdf</subfield>
    </datafield>
    <datafield tag="995" ind1=" " ind2=" ">
      <subfield code="a">Colecţii Speciale - BRV</subfield>
      <subfield code="D">0.01</subfield>
      <subfield code="e">BRV208</subfield>
      <subfield code="F">Sediul_Central_A</subfield>
      <subfield code="j">1410a BRV</subfield>
      <subfield code="U">Available</subfield>
      <subfield code="W">Dec 12, 2019</subfield>
      <subfield code="y">BRV208</subfield>
      <subfield code="Z">Împrumut la Sala</subfield>
    </datafield>
  </record>