
  <record>
    <leader>00000nam a2200000 a 4500</leader>
    <controlfield tag="001">BJSB448694</controlfield>
    <controlfield tag="008">191212s1799####|||||||||||||||||#||####u</controlfield>
    <datafield tag="050" ind1=" " ind2=" ">
      <subfield code="a">094.1(498); 160.1</subfield>
    </datafield>
    <datafield tag="100" ind1=" " ind2=" ">
      <subfield code="a">Baumeister, Fr. Chr.</subfield>
    </datafield>
    <datafield tag="245" ind1="1" ind2="0">
      <subfield code="a">Logica adecă partea cea cuvântătoare a filosofiei. În Buda sau tipărit în Crăiasca Tipografie Orientalicească a Universitatei Peştii. 1799.</subfield>
      <subfield code="c">Fr. Chr. Baumeister; trad. Samuil Micu Clain</subfield>
      <subfield code="h">[Carte tipărită]</subfield>
    </datafield>
    <datafield tag="260" ind1=" " ind2=" ">
      <subfield code="a">Buda</subfield>
      <subfield code="b">Crăiasca Tipografie a Universității Ungurești</subfield>
      <subfield code="c">1799</subfield>
    </datafield>
    <datafield tag="300" ind1=" " ind2=" ">
      <subfield code="a">205 p. ; 18 cm</subfield>
    </datafield>
    <datafield tag="500" ind1=" " ind2=" ">
      <subfield code="a">Legătura: carton recent marmorat; pe cotor apare titlul cărţii. Însemnări: coperta 2: Cartea aceasta este alcătuită de Samuil Micu Clain după cartea lui Fr. Chr. Baumeister intitulată „Elementa Philosiphie recentiones” apărută în anul 1765 la Luca. Nu este o traducere propriu-zisă-deşi mai multe părţi sunt legate ad literam după original-ci mai mult o prelucrare. Multe exemple din Baumeister au fost înlocuite de Clain cu exemple din viaţa românească sau din domeniul credinţii şi vieţii religioase. Fiind cea dintâi carte de logică în limba română autorul a avut enorme dificultăţi cu crearea termenilor tehnici. Ar trebui făcut un studiu aparte asupra acestei cărţi pe de-o parte comparând-o cu originalul latinesc, pe de alta cu Logicele nemţeşti de mai târziu. Cartea lui Baumeister se găseşte în Biblioteca Mitropoliei. 9 II 961. Onisifor Ghibu; foaia de gardă: nro 27 [...] Bistritz 1/11 855. Observaţii: ştampilă de formă dreptunghiulară cu textul: Biblioteca „Astrei” (Asociaţiunea pentru lit. rom. şi cultura poporului român). Centrala Sibiu Nr. 23410 pe foaia de titlu; ştampilă ovală cu textul Biblioteca Centrală a Asociaţiunii Sibiiu pe foaia de titlu; ştampilă ovală: Biblioteca Andrei Bârseanu. Sibiu, pe foaia de titlu.</subfield>
    </datafield>
    <datafield tag="650" ind1=" " ind2=" ">
      <subfield code="a">natura și rolul logicii</subfield>
    </datafield>
    <datafield tag="650" ind1=" " ind2=" ">
      <subfield code="a">carte românească veche</subfield>
    </datafield>
    <datafield tag="650" ind1=" " ind2=" ">
      <subfield code="a">Logica</subfield>
    </datafield>
    <datafield tag="995" ind1=" " ind2=" ">
      <subfield code="a">Colecţii Speciale - BRV</subfield>
      <subfield code="D">0.01</subfield>
      <subfield code="e">BRV088</subfield>
      <subfield code="F">Sediul_Central_A</subfield>
      <subfield code="j">622 BRV</subfield>
      <subfield code="U">Available</subfield>
      <subfield code="W">Dec 12, 2019</subfield>
      <subfield code="y">BRV088</subfield>
      <subfield code="Z">Împrumut la Sala</subfield>
    </datafield>
  </record>