
  <record>
    <leader>00000nam a2200000 a 4500</leader>
    <controlfield tag="001">BJSB448686</controlfield>
    <controlfield tag="008">191212s1802####|||||||||||||||||#||####u</controlfield>
    <datafield tag="050" ind1=" " ind2=" ">
      <subfield code="a">094.1(498); 23; 241; 265.32</subfield>
    </datafield>
    <datafield tag="100" ind1=" " ind2=" ">
      <subfield code="a">Micu Clain, Samuil</subfield>
    </datafield>
    <datafield tag="245" ind1="1" ind2="0">
      <subfield code="a">Teologie dogmatică, şi moralicească despre taina euharistiei, după învăţătura bunilor credincioşi dascăli întocmită cu mărturii din Sfânta Scriptură, SS: Părinţi, şi din trădania bisericii întărită spre învăţătura clerului celui tânăr rumânesc aşezat, şi tipărit. Supt stăpânirea Prea Înălţatului Înpărat al Romanilor. Francişc al doilea, Craiul Apostolicesc, Mare Prinţip al Ardealului, şi celelalte. Cu blagoslovenia mării sale Prea Luminatului, şi Prea osfinţitului domnului domn. Ioann Bobb...</subfield>
      <subfield code="c">Samuil Micu Clain</subfield>
      <subfield code="h">[Carte tipărită]</subfield>
    </datafield>
    <datafield tag="260" ind1=" " ind2=" ">
      <subfield code="a">Blaj</subfield>
      <subfield code="c">1802</subfield>
    </datafield>
    <datafield tag="300" ind1=" " ind2=" ">
      <subfield code="a">24 p.; 450 p. ; 22 cm</subfield>
    </datafield>
    <datafield tag="500" ind1=" " ind2=" ">
      <subfield code="a">Greşeli de paginație: p. 147 e numerotată 137. Legătura: coperţi din carton recent marmorat; cotorul legat în piele. Însemnări: fila de gardă de la începutul cărţii: Această carte iaste [...] popa Mihaiu (?); În anu acestu au fost înoratu multă vreme [...]; NB. La donat museului national român de biserica gr. or. Română din Sighişoară. I. Muntean paroch; În anul acesta au fost înorat vreme bună; amia; Dimitrie Palusan; foaia de gardă: Dăruită mia prin unchiulu Părintele Dimitrie Palusianu. I. Moldovanu; fila de gardă de la sârşitul cărţii: Să să ştie [...] a grofului [...] ară legii me 44 fl (?) [...] şi 4 şuhuri lungimine [...] loturi 67 [...] tabla D. Şaroş 22  [...] lungimea în sus [...] 69 [...] 202 fl stânjenu (?) şi 8 şuhuri. 2248 şi 25 şuhu 5 care şi ½; foaia de gardă v: ovăs 78 fl. [...] 14 fl. </subfield>
    </datafield>
    <datafield tag="650" ind1=" " ind2=" ">
      <subfield code="a">teologie</subfield>
    </datafield>
    <datafield tag="650" ind1=" " ind2=" ">
      <subfield code="a">carte românească veche</subfield>
    </datafield>
    <datafield tag="650" ind1=" " ind2=" ">
      <subfield code="a">teologie morală</subfield>
    </datafield>
    <datafield tag="650" ind1=" " ind2=" ">
      <subfield code="a">teologie dogmatică</subfield>
    </datafield>
    <datafield tag="650" ind1=" " ind2=" ">
      <subfield code="a">euharistie</subfield>
    </datafield>
    <datafield tag="995" ind1=" " ind2=" ">
      <subfield code="a">Colecţii Speciale - BRV</subfield>
      <subfield code="D">0.01</subfield>
      <subfield code="e">BRV093</subfield>
      <subfield code="F">Sediul_Central_A</subfield>
      <subfield code="j">648 BRV</subfield>
      <subfield code="U">Available</subfield>
      <subfield code="W">Dec 12, 2019</subfield>
      <subfield code="y">BRV093</subfield>
      <subfield code="Z">Împrumut la Sala</subfield>
    </datafield>
  </record>