
  <record>
    <leader>00000nam a2200000 a 4500</leader>
    <controlfield tag="001">BJSB448685</controlfield>
    <controlfield tag="008">191212s1830####|||||||||||||||||#||####u</controlfield>
    <datafield tag="050" ind1=" " ind2=" ">
      <subfield code="a">347(439.21); 342.7(439.21); 094.1(498)</subfield>
    </datafield>
    <datafield tag="100" ind1=" " ind2=" ">
      <subfield code="a">Vajda László</subfield>
    </datafield>
    <datafield tag="245" ind1="1" ind2="0">
      <subfield code="a">Az Erdélyi polgári magános törvényekkel való esmeretségek... írta Sóósmezei Vajda László, Gubernialis Concipista, Tekintetes Nemes Belsö Szólnok Vármegyének Tábla Birája, és a Kolo'svári Királlyi Lyceumban a Hazai, és Büntetö Törvényeknek ideig-való tanitója 1824-ben - Második könyve : a' törvénykezés' rendében elé-kerülhetó személyekröl</subfield>
      <subfield code="c">Vajda László</subfield>
      <subfield code="h">[Carte tipărită]</subfield>
    </datafield>
    <datafield tag="260" ind1=" " ind2=" ">
      <subfield code="a">[Kolozsvar]</subfield>
      <subfield code="b">Királlyi Lyceum Betüivel</subfield>
      <subfield code="c">1830</subfield>
    </datafield>
    <datafield tag="300" ind1=" " ind2=" ">
      <subfield code="a">8 file nenumerotate, 138 p., 1 filă nenumerotată, 24 p. ; 20 cm</subfield>
    </datafield>
    <datafield tag="500" ind1=" " ind2=" ">
      <subfield code="a">Legătura: carton recent marmorat; cotorul învelit în piele; titlul cărţii apare pe cotor. Observaţii: ştampilă de formă dreptunghiulară cu textul: Biblioteca „Astrei” (Asociaţiunea pentru lit. rom. şi cultura poporului român). Centrala Sibiu Nr. pe foaia de titlu; ştampilă ovală cu textul: Biblioteca Centrală a „Asociaţiunii” Sibiiu, pe fila 6, p. 15, 33, 49, 63, 69, 91, 99, 103, 113, p. 1.</subfield>
    </datafield>
    <datafield tag="650" ind1=" " ind2=" ">
      <subfield code="a">drepturi</subfield>
    </datafield>
    <datafield tag="650" ind1=" " ind2=" ">
      <subfield code="a">drepturi cetăţeneşti</subfield>
    </datafield>
    <datafield tag="650" ind1=" " ind2=" ">
      <subfield code="a">carte veche românească</subfield>
    </datafield>
    <datafield tag="650" ind1=" " ind2=" ">
      <subfield code="a">drept</subfield>
    </datafield>
    <datafield tag="650" ind1=" " ind2=" ">
      <subfield code="a">jurisprudentă</subfield>
    </datafield>
    <datafield tag="650" ind1=" " ind2=" ">
      <subfield code="a">drept civil</subfield>
    </datafield>
    <datafield tag="856" ind1=" " ind2=" ">
      <subfield code="u">http://www.dspace.bjastrasibiu.ro/bitstream/123456789/2309/1/BJA_CS_000231_CRV_0001-0188.pdf</subfield>
    </datafield>
    <datafield tag="995" ind1=" " ind2=" ">
      <subfield code="a">Colecţii Speciale - BRV</subfield>
      <subfield code="D">0.01</subfield>
      <subfield code="e">BRV231</subfield>
      <subfield code="F">Sediul_Central_A</subfield>
      <subfield code="j">1502 BRV</subfield>
      <subfield code="U">Available</subfield>
      <subfield code="W">Dec 12, 2019</subfield>
      <subfield code="y">BRV231</subfield>
      <subfield code="Z">Împrumut la Sala</subfield>
    </datafield>
  </record>