
  <record>
    <leader>00000nam a2200000 a 4500</leader>
    <controlfield tag="001">BJSB448683</controlfield>
    <controlfield tag="008">191212s1830####|||||||||||||||||#||####u</controlfield>
    <datafield tag="050" ind1=" " ind2=" ">
      <subfield code="a">347(439.21); 342.7(439.21); 094.1(498)</subfield>
    </datafield>
    <datafield tag="100" ind1=" " ind2=" ">
      <subfield code="a">Vajda László</subfield>
    </datafield>
    <datafield tag="245" ind1="1" ind2="0">
      <subfield code="a">Az Erdélyi polgári magános törvényekkel való esmeretségek... írta Sóósmezei Vajda László, Gubernialis Concipista, Tekintetes Nemes Belsö Szólnok Vármegyének Tábla Birája, és a Kolo'svári Királlyi Lyceumban a Hazai, és Büntetö Törvényeknek ideig-való tanitója 1824-ben</subfield>
      <subfield code="c">Vajda László</subfield>
      <subfield code="h">[Carte tipărită]</subfield>
    </datafield>
    <datafield tag="260" ind1=" " ind2=" ">
      <subfield code="a">[Kolozsvar]</subfield>
      <subfield code="b">Királlyi Lyceum Betüivel</subfield>
      <subfield code="c">1830</subfield>
    </datafield>
    <datafield tag="300" ind1=" " ind2=" ">
      <subfield code="a">vol.</subfield>
    </datafield>
    <datafield tag="650" ind1=" " ind2=" ">
      <subfield code="a">drept</subfield>
    </datafield>
    <datafield tag="650" ind1=" " ind2=" ">
      <subfield code="a">carte veche românească</subfield>
    </datafield>
    <datafield tag="650" ind1=" " ind2=" ">
      <subfield code="a">drepturi</subfield>
    </datafield>
    <datafield tag="650" ind1=" " ind2=" ">
      <subfield code="a">drepturi cetăţeneşti</subfield>
    </datafield>
    <datafield tag="650" ind1=" " ind2=" ">
      <subfield code="a">jurisprudentă</subfield>
    </datafield>
    <datafield tag="650" ind1=" " ind2=" ">
      <subfield code="a">drept civil</subfield>
    </datafield>
  </record>