
  <record>
    <leader>00000nam a2200000 a 4500</leader>
    <controlfield tag="001">BJSB448682</controlfield>
    <controlfield tag="008">191212s1801####|||||||||||||||||#||####u</controlfield>
    <datafield tag="050" ind1=" " ind2=" ">
      <subfield code="a">094.1(498); 23; 241; 232.93</subfield>
    </datafield>
    <datafield tag="100" ind1=" " ind2=" ">
      <subfield code="a">Micu Clain, Samuil</subfield>
    </datafield>
    <datafield tag="245" ind1="1" ind2="0">
      <subfield code="a">Teologie dogmatică, şi moralicească despre taina căsătoriei, după învăţătura bunilor credincioşi dascăli întocmită cu mărturii din Sfânta Scriptură. SS: Părinţi, şi din trădania bisericii întărită spre învăţătura clerului celui tânăr românesc aşezată, şi tipărită. Supt stăpânirea Prea Înălţatului Înpărat al Romanilor. Francisc al doilea. Craiul apostolicesc, Mare Prinţip al Ardealului, şi cele lalte. Cu blagoslovenia mării sale Prea Luminatului, şi Prea Osfinţitului domnului domn. Ioann Bobb....</subfield>
      <subfield code="c">Samuil Micu Clain</subfield>
      <subfield code="h">[Carte tipărită]</subfield>
    </datafield>
    <datafield tag="260" ind1=" " ind2=" ">
      <subfield code="a">Blaj</subfield>
      <subfield code="b">Tiparul Seminarului</subfield>
      <subfield code="c">1801</subfield>
    </datafield>
    <datafield tag="300" ind1=" " ind2=" ">
      <subfield code="a">[1] f.; 16 p.; 266 p. ; 22 cm </subfield>
    </datafield>
    <datafield tag="500" ind1=" " ind2=" ">
      <subfield code="a">Greşeli de paginaţie: p. 72 e numerotată 62. Legătura: carton recent; cotorul învelit în piele. Însemnări: coperta 2: Atsest [...] molaris. Papp Basilius Papp Teodorus Papp josephus Petrutza Papp Constantinus Papp Basilius [...] Papp Antonius; foaia de titlu: Basilius Poap; foaia de titlu v: [...] Basilius Papp Anno 1822 Ilie Iloa [...] Bustdelin; Ilio Pius Pontifi Romanus et Odeber Aptus Prijus; Pii Pontificis Romani et [...]; Theodorus Papp 1 Ion Florian Basilius Anica; Josephus Papp 2 Aron Ratz Basilius Mihai; Basilius Papp 3 Constantinus Papp Basilius [...]; [...] Papp 4 Ioanes Papp anu 6 Basilius Mihutz; Gabriel Papp 5 Basilius [...]; p. 1: Dida din sus de Dumbrave şi acum [...] Theodo; p. 70: De formationibus Conjugationum; p. 71: De formacionibus [...]; p. 95: [...] 1812 doao şi acum şi acum şi pururea în veci vecilor Amin Anica, [...] paraschiva, toader [...] Constantin, Ileana, Anica, Critica [...] Parteniu [...]; însemnări în creion ilizibile pe coperta 3. Observaţii: coperta 3: Anticariat Sibiu 1250 lei.</subfield>
    </datafield>
    <datafield tag="650" ind1=" " ind2=" ">
      <subfield code="a">teologie dogmatică</subfield>
    </datafield>
    <datafield tag="650" ind1=" " ind2=" ">
      <subfield code="a">teologie morală</subfield>
    </datafield>
    <datafield tag="650" ind1=" " ind2=" ">
      <subfield code="a">Sfânta Familie</subfield>
    </datafield>
    <datafield tag="650" ind1=" " ind2=" ">
      <subfield code="a">carte românească veche</subfield>
    </datafield>
    <datafield tag="650" ind1=" " ind2=" ">
      <subfield code="a">teologie</subfield>
    </datafield>
    <datafield tag="856" ind1=" " ind2=" ">
      <subfield code="u">http://www.dspace.bjastrasibiu.ro/bitstream/123456789/10149/1/BJA_CS_000491_CRV_0001-0290.pdf</subfield>
    </datafield>
    <datafield tag="995" ind1=" " ind2=" ">
      <subfield code="a">Colecţii Speciale - BRV</subfield>
      <subfield code="D">0.01</subfield>
      <subfield code="e">BRV491</subfield>
      <subfield code="F">Sediul_Central_A</subfield>
      <subfield code="j">640 BRV</subfield>
      <subfield code="U">Available</subfield>
      <subfield code="W">Dec 12, 2019</subfield>
      <subfield code="y">BRV491</subfield>
      <subfield code="Z">Împrumut la Sala</subfield>
    </datafield>
  </record>