
  <record>
    <leader>00000nam a2200000 a 4500</leader>
    <controlfield tag="001">BJSB448671</controlfield>
    <controlfield tag="008">191212s1803####|||||||||||||||||#||####u</controlfield>
    <datafield tag="050" ind1=" " ind2=" ">
      <subfield code="a">094.1(498); 355.29</subfield>
    </datafield>
    <datafield tag="245" ind1="0" ind2="0">
      <subfield code="a">Noi Francişc al doilea din mila lui Dumnezeu alesui Înpărat al Romanilor, Craiul Germaniei, Ungariei, Bohemiei, Galiţiei şi Lodomeriei, Arhipoveţuitoriul Austriei, Poveţuitoriul Burgundiei, şi Lotaringiei, Marele Poveţuitoriu a Toşcaniei şi celelalte.</subfield>
      <subfield code="h">[Carte tipărită]</subfield>
    </datafield>
    <datafield tag="260" ind1=" " ind2=" ">
      <subfield code="a">Viena</subfield>
      <subfield code="b">[S.n.]</subfield>
      <subfield code="c">1803</subfield>
    </datafield>
    <datafield tag="300" ind1=" " ind2=" ">
      <subfield code="a">[6] f.; 32 cm</subfield>
    </datafield>
    <datafield tag="500" ind1=" " ind2=" ">
      <subfield code="a">Legătura: în folie de protecţie. Însemnări: fila 1: Publicat de dl I. Marţian în Arhiva Someşană no 6; fila 6: 34. no 878. bibl. asoc. trane. Observaţii: apărut la Viena în 7 august 1803; hotărâri privind păstrarea neutralităţii în războiul dintre francezi şi englezi (21 de articole).</subfield>
    </datafield>
    <datafield tag="650" ind1=" " ind2=" ">
      <subfield code="a">carte românească veche</subfield>
    </datafield>
    <datafield tag="650" ind1=" " ind2=" ">
      <subfield code="a">artă militară</subfield>
    </datafield>
    <datafield tag="650" ind1=" " ind2=" ">
      <subfield code="a">demobilizarea trupelor militare</subfield>
    </datafield>
    <datafield tag="995" ind1=" " ind2=" ">
      <subfield code="a">Colecţii Speciale - BRV</subfield>
      <subfield code="e">BRV098</subfield>
      <subfield code="F">Sediul_Central_A</subfield>
      <subfield code="j">BRV 287 IV</subfield>
      <subfield code="U">Available</subfield>
      <subfield code="W">Sep 21, 2020</subfield>
      <subfield code="y">BRV098</subfield>
      <subfield code="Z">Împrumut la Sala</subfield>
    </datafield>
  </record>