
  <record>
    <leader>00000nam a2200000 a 4500</leader>
    <controlfield tag="001">BJSB448668</controlfield>
    <controlfield tag="008">191212s1803####|||||||||||||||||#||####u</controlfield>
    <datafield tag="050" ind1=" " ind2=" ">
      <subfield code="a">094.1(498); 355.3</subfield>
    </datafield>
    <datafield tag="245" ind1="0" ind2="0">
      <subfield code="a">Vestire de spre partea al Înălţatului şi Prea lăudatului al Ardealului general militar comandant.</subfield>
      <subfield code="h">[Carte tipărită]</subfield>
    </datafield>
    <datafield tag="260" ind1=" " ind2=" ">
      <subfield code="a">Sibiu</subfield>
      <subfield code="b">[S.n.]</subfield>
      <subfield code="c">1803</subfield>
    </datafield>
    <datafield tag="300" ind1=" " ind2=" ">
      <subfield code="a">[1] f.; 36 cm</subfield>
    </datafield>
    <datafield tag="500" ind1=" " ind2=" ">
      <subfield code="a">Legătura: folie de protecţie. Observaţii: Înştiinţarea comandamentului trupelor imperiale din Transilvania prin care se anunţă arendarea depozitelor militare din Gârbova, Orăştie, Aiud, Turda, Reghin, Teaca; la sfârşitul textului: Sau dat dela Cesaro Crăescul osteşescului al Ilişului departement. Sibiu la 7-18 iunie 1803; exemplar unicat.</subfield>
    </datafield>
    <datafield tag="650" ind1=" " ind2=" ">
      <subfield code="a">carte românească veche</subfield>
    </datafield>
    <datafield tag="650" ind1=" " ind2=" ">
      <subfield code="a">organizare militară</subfield>
    </datafield>
    <datafield tag="650" ind1=" " ind2=" ">
      <subfield code="a">artă militară</subfield>
    </datafield>
    <datafield tag="995" ind1=" " ind2=" ">
      <subfield code="a">Colecţii Speciale - BRV</subfield>
      <subfield code="D">0.01</subfield>
      <subfield code="e">BRV099</subfield>
      <subfield code="F">Sediul_Central_A</subfield>
      <subfield code="j">665c BRV</subfield>
      <subfield code="U">Available</subfield>
      <subfield code="W">Dec 12, 2019</subfield>
      <subfield code="y">BRV099</subfield>
      <subfield code="Z">Împrumut la Sala</subfield>
    </datafield>
  </record>