
  <record>
    <leader>00000nam a2200000 a 4500</leader>
    <controlfield tag="001">BJSB448663</controlfield>
    <controlfield tag="008">191212s1813####|||||||||||||||||#||####u</controlfield>
    <datafield tag="050" ind1=" " ind2=" ">
      <subfield code="a">094.1(498); 252.9</subfield>
    </datafield>
    <datafield tag="100" ind1=" " ind2=" ">
      <subfield code="a">Vaida, Dimitrie</subfield>
    </datafield>
    <datafield tag="245" ind1="1" ind2="0">
      <subfield code="a">Cuvântări în cinstea Exsealeanţii sale Ioann Bobb, Vlădicul Făgăraşului şi a Crăeştii şi Înpărăteştii Mărimi Sfeatnic din lăuntru dintre care. Cea din tâi supt numele clirului celui mai bătrân, cu prilejul instalaţii canonicilor de Exeleanţia sa acum de nou fundăluinţi 1807 pe întîie iulie sau alcătuit. Ceaia laltă clirul cel tinăr întru arătarea fieştii sale cucernicii, în Blaj în muzeumul său, în ziua, când Exselenţia sa mai sus lăudatul vlădic, în Cluj din mâna Exeleanţii sale, a guvernatorului...</subfield>
      <subfield code="c">Dimitrie Vaida</subfield>
      <subfield code="h">[Carte tipărită]</subfield>
    </datafield>
    <datafield tag="260" ind1=" " ind2=" ">
      <subfield code="a">Blaj</subfield>
      <subfield code="b">Tiparul Seminarului</subfield>
      <subfield code="c">1813</subfield>
    </datafield>
    <datafield tag="300" ind1=" " ind2=" ">
      <subfield code="a">[14] f.; 192 p. ; 19 cm</subfield>
    </datafield>
    <datafield tag="500" ind1=" " ind2=" ">
      <subfield code="a">Legătura: carton recent; cotorul deteriorat. Observaţii: la compactare, indexul a fost legat la începutul cărţii; ştampilă ovală cu textul: Biblioteca Centrală a „Asociaţiunii” Sibiiu pe p. 21, 105, 167; ştampilă de formă dreptunghiulară cu textul: Biblioteca „Astrei” (Asociaţiunea pentru lit. rom. şi cultura poporului român). Centrala Sibiu. Nr. 1632 pe foaia de titlu, fila 2 nenumerotată; ştampilă ovală cu textul: Biblioteca Asociat. Tranne. P. Cult. Şi Lit. Pop. Rom. pe foaia de titlu.</subfield>
    </datafield>
    <datafield tag="650" ind1=" " ind2=" ">
      <subfield code="a">carte românească veche</subfield>
    </datafield>
    <datafield tag="650" ind1=" " ind2=" ">
      <subfield code="a">discursuri comemorative</subfield>
    </datafield>
    <datafield tag="995" ind1=" " ind2=" ">
      <subfield code="a">Colecţii Speciale - BRV</subfield>
      <subfield code="D">0.01</subfield>
      <subfield code="e">BRV142</subfield>
      <subfield code="F">Sediul_Central_A</subfield>
      <subfield code="j">837 BRV</subfield>
      <subfield code="U">Available</subfield>
      <subfield code="W">Dec 12, 2019</subfield>
      <subfield code="y">BRV142</subfield>
      <subfield code="Z">Împrumut la Sala</subfield>
    </datafield>
  </record>