
  <record>
    <leader>00000nam a2200000 a 4500</leader>
    <controlfield tag="001">BJSB448641</controlfield>
    <controlfield tag="008">191212s1826####|||||||||||||||||#||####u</controlfield>
    <datafield tag="050" ind1=" " ind2=" ">
      <subfield code="a">27(100); 94(3); 94(=411.16) ; 094.1(498)</subfield>
    </datafield>
    <datafield tag="100" ind1=" " ind2=" ">
      <subfield code="a">Atanasie Staghiritul</subfield>
    </datafield>
    <datafield tag="245" ind1="1" ind2="0">
      <subfield code="a">Prescurtarea istorii universale. Tălmăcită după cea Ellinească în limba noastră Românească, şi închinată la iubitorul de Neam, marele Dvornic şi Vistier al Prinţipatului Valahiei Domn Mihail Dimitrie Ghica. Cu acăruia osârdie şi cheltuială s au tipărit spre trebuinţa Școalelor noastre şi obştescul folos al neamului Românesc de cuviosul Igumen al Mănăstirii Sfântului Ioann din Bucureşti Chir Grigorie. Şi dată în tipar la Priveleghiata Tipografie din Bucureşti. Supt Eforia... - Tomu I</subfield>
      <subfield code="c">[Atanasie Staghiritul] ; trad. din limba greacă de egumenul Grigorie ; editori: Răducanul Clinceanu, Dimitrache Topliceanul</subfield>
      <subfield code="h">[Carte tipărită]</subfield>
    </datafield>
    <datafield tag="260" ind1=" " ind2=" ">
      <subfield code="a">București</subfield>
      <subfield code="b">Privileghiata Tipografie din București </subfield>
      <subfield code="c">1826</subfield>
    </datafield>
    <datafield tag="300" ind1=" " ind2=" ">
      <subfield code="a">12 p., 290 p. ; 22 cm</subfield>
    </datafield>
    <datafield tag="500" ind1=" " ind2=" ">
      <subfield code="a">Greşeli de paginaţie: p. 169 numerotată 177; p. 170 numerotată 178; p. 171 numerotată 181; p. 191 numerotată 193, p. 239 numeroată 241. Legătura: carton recent, cotor legat în pânză. Însemnări: fila de gardă de la începutul cărţii: Cu adevărat mare au fost [...]au fost [...] că au urmat sfaturile dascălilor [...] Aristotel şi au [...] 1833. Observaţii: exemplar incomplet, lipsesc paginile 265-266, 271-272, 281-282, 291-340. Text în limba română cu caractere chirilice.</subfield>
    </datafield>
    <datafield tag="650" ind1=" " ind2=" ">
      <subfield code="a">istoria bisericii</subfield>
    </datafield>
    <datafield tag="650" ind1=" " ind2=" ">
      <subfield code="a">istoria poporului evreu</subfield>
    </datafield>
    <datafield tag="650" ind1=" " ind2=" ">
      <subfield code="a">istoria lumii antice</subfield>
    </datafield>
    <datafield tag="650" ind1=" " ind2=" ">
      <subfield code="a">istoria lumii</subfield>
    </datafield>
    <datafield tag="650" ind1=" " ind2=" ">
      <subfield code="a">istorie</subfield>
    </datafield>
    <datafield tag="650" ind1=" " ind2=" ">
      <subfield code="a">istorie universală</subfield>
    </datafield>
    <datafield tag="650" ind1=" " ind2=" ">
      <subfield code="a">istoria evreilor</subfield>
    </datafield>
    <datafield tag="650" ind1=" " ind2=" ">
      <subfield code="a">carte veche românească</subfield>
    </datafield>
    <datafield tag="856" ind1=" " ind2=" ">
      <subfield code="u">http://www.dspace.bjastrasibiu.ro/bitstream/123456789/2748/1/BJA_CS_000464_CRV_0001-0288.pdf</subfield>
    </datafield>
    <datafield tag="995" ind1=" " ind2=" ">
      <subfield code="a">Colecţii Speciale - BRV</subfield>
      <subfield code="D">0.01</subfield>
      <subfield code="e">BRV464</subfield>
      <subfield code="F">Sediul_Central_A</subfield>
      <subfield code="j">1278 BRV</subfield>
      <subfield code="U">Available</subfield>
      <subfield code="W">Dec 12, 2019</subfield>
      <subfield code="y">BRV464</subfield>
      <subfield code="Z">Împrumut la Sala</subfield>
    </datafield>
  </record>