
  <record>
    <leader>00000nam a2200000 a 4500</leader>
    <controlfield tag="001">BJSB448625</controlfield>
    <controlfield tag="008">191212s1826####|||||||||||||||||#||####u</controlfield>
    <datafield tag="050" ind1=" " ind2=" ">
      <subfield code="a">27(100); 94(3); 94(=411.16) ; 094.1(498)</subfield>
    </datafield>
    <datafield tag="100" ind1=" " ind2=" ">
      <subfield code="a">Atanasie Staghiritul</subfield>
    </datafield>
    <datafield tag="245" ind1="1" ind2="0">
      <subfield code="a">Prescurtarea istorii universale. Tălmăcită după cea Ellinească în limba noastră Românească, şi închinată la iubitorul de Neam, marele Dvornic şi Vistier al Prinţipatului Valahiei Domn Mihail Dimitrie Ghica. Cu acăruia osârdie şi cheltuială s au tipărit spre trebuinţa Școalelor noastre şi obştescul folos al neamului Românesc de cuviosul Igumen al Mănăstirii Sfântului Ioann din Bucureşti Chir Grigorie. Şi dată în tipar la Priveleghiata Tipografie din Bucureşti. Supt Eforia...</subfield>
      <subfield code="c">[Atanasie Staghiritul] ; trad. din limba greacă de egumenul Grigorie ; editori: Răducanul Clinceanu, Dimitrache Topliceanul</subfield>
      <subfield code="h">[Carte tipărită]</subfield>
    </datafield>
    <datafield tag="260" ind1=" " ind2=" ">
      <subfield code="a">București</subfield>
      <subfield code="b">Privileghiata Tipografie din București </subfield>
      <subfield code="c">1826-</subfield>
    </datafield>
    <datafield tag="300" ind1=" " ind2=" ">
      <subfield code="a">vol.</subfield>
    </datafield>
    <datafield tag="650" ind1=" " ind2=" ">
      <subfield code="a">carte veche românească</subfield>
    </datafield>
    <datafield tag="650" ind1=" " ind2=" ">
      <subfield code="a">istoria lumii antice</subfield>
    </datafield>
    <datafield tag="650" ind1=" " ind2=" ">
      <subfield code="a">istoria lumii</subfield>
    </datafield>
    <datafield tag="650" ind1=" " ind2=" ">
      <subfield code="a">istorie universală</subfield>
    </datafield>
    <datafield tag="650" ind1=" " ind2=" ">
      <subfield code="a">istorie</subfield>
    </datafield>
    <datafield tag="650" ind1=" " ind2=" ">
      <subfield code="a">istoria evreilor</subfield>
    </datafield>
    <datafield tag="650" ind1=" " ind2=" ">
      <subfield code="a">istoria poporului evreu</subfield>
    </datafield>
    <datafield tag="650" ind1=" " ind2=" ">
      <subfield code="a">istoria bisericii</subfield>
    </datafield>
  </record>