
  <record>
    <leader>00000nam a2200000 a 4500</leader>
    <controlfield tag="001">BJSB448595</controlfield>
    <controlfield tag="008">191212s1824####|||||||||||||||||#||####u</controlfield>
    <datafield tag="050" ind1=" " ind2=" ">
      <subfield code="a">27(100); 94(100); 94(=411.6); 94.1(498)</subfield>
    </datafield>
    <datafield tag="100" ind1=" " ind2=" ">
      <subfield code="a">Kenghelaț, Pavel (Kenghelaț, Pavle)</subfield>
    </datafield>
    <datafield tag="245" ind1="1" ind2="0">
      <subfield code="a">Istoria universală sau a toată lumea după întocmirea D. Pavel Kenghelaţ, Arhimandritul Mănăstirei Sfântului Gheorghie în Bănat, acum întâia oară pre limba Românească prefăcută şi aşezată de Ioann Teodorovici, la Beserica Greco-Românească din Pesta Paroh şi al Cinstitelor Consistorii din Buda şi Verşeţ Assesor - Partea I</subfield>
      <subfield code="c">Pavel Kenghelaț ; trad.: Ioan Teodorovici</subfield>
      <subfield code="h">[Carte tipărită]</subfield>
    </datafield>
    <datafield tag="260" ind1=" " ind2=" ">
      <subfield code="a">Buda</subfield>
      <subfield code="b">Crăiasca Universitate din Pesta</subfield>
      <subfield code="c">1824</subfield>
    </datafield>
    <datafield tag="300" ind1=" " ind2=" ">
      <subfield code="a">foaie de titlu, 7 file nenumerotate, 390 p., file nenumerotate, 1 hartă</subfield>
    </datafield>
    <datafield tag="500" ind1=" " ind2=" ">
      <subfield code="a">  Greşeli de paginaţie: p. 74 e numerotată 47; p. 214 e numerotată 114; p. 282 e numerotată 182; Legătura: carton recent marmorat, cotorul şi colţurile legate în piele. Observaţii: ştampilă ovală cu textul: Biblioteca Centrală a „Asociaţiunii” Sibiiu pe p. 37, 133, 273, 379; ştampilă de formă dreptunghiulară cu textul: Biblioteca „Astrei” (Asociaţiunea pentru lit. rom. şi cultura poporului român). Centrala Sibiu. Nr. 5931 pe prima foaie de gardă şi pe foaia de titlu; erata este la începutul cărţii; volumul conţine o hartă a Palestinei, nemenţionată în BRV; Smintelele tipariului (o filă nenumerotată) au fost legate la începutul cărţii. Text în limba română cu caractere chirilice.</subfield>
    </datafield>
    <datafield tag="650" ind1=" " ind2=" ">
      <subfield code="a">istorie</subfield>
    </datafield>
    <datafield tag="650" ind1=" " ind2=" ">
      <subfield code="a">biserica creştină</subfield>
    </datafield>
    <datafield tag="650" ind1=" " ind2=" ">
      <subfield code="a">istoria lumii</subfield>
    </datafield>
    <datafield tag="650" ind1=" " ind2=" ">
      <subfield code="a">istoria evreilor</subfield>
    </datafield>
    <datafield tag="650" ind1=" " ind2=" ">
      <subfield code="a">istorie universală</subfield>
    </datafield>
    <datafield tag="650" ind1=" " ind2=" ">
      <subfield code="a">istoria poporului evreu</subfield>
    </datafield>
    <datafield tag="650" ind1=" " ind2=" ">
      <subfield code="a">carte veche românească</subfield>
    </datafield>
    <datafield tag="650" ind1=" " ind2=" ">
      <subfield code="a">istoria bisericii creştine</subfield>
    </datafield>
    <datafield tag="856" ind1=" " ind2=" ">
      <subfield code="u">http://www.dspace.bjastrasibiu.ro/bitstream/123456789/10617/1/BJA_CS_000185_BRV_0001-0436.pdf</subfield>
    </datafield>
    <datafield tag="995" ind1=" " ind2=" ">
      <subfield code="a">Colecţii Speciale - BRV</subfield>
      <subfield code="D">0.01</subfield>
      <subfield code="e">BRV185</subfield>
      <subfield code="F">Sediul_Central_A</subfield>
      <subfield code="j">1210 BRV</subfield>
      <subfield code="U">Available</subfield>
      <subfield code="W">Dec 12, 2019</subfield>
      <subfield code="y">BRV185</subfield>
      <subfield code="Z">Împrumut la Sala</subfield>
    </datafield>
  </record>