
  <record>
    <leader>00000nam a2200000 a 4500</leader>
    <controlfield tag="001">BJSB448520</controlfield>
    <controlfield tag="008">191211s1812####|||||||||||||||||#||####u</controlfield>
    <datafield tag="050" ind1=" " ind2=" ">
      <subfield code="a">094.1(498); 252.8</subfield>
    </datafield>
    <datafield tag="245" ind1="0" ind2="0">
      <subfield code="a">Uşa pocăinţii adecă carte foarte umilitoare, şi de suflet prea folositoare, care cuprinde: cele patru mai de pre urmă ale omului, adecă: moartea, judecata, iadul, şi raiul. Prin care să face minunata schimbare a omului celui vechiu, şi acelui nou naşterea. Sau tălmăcit de pre limba elinu - grecească, pre limba rumânească în Bucureşti. Și acum întâiaşi dată cu blagoslovenia şi prin mijlocirea Prea o Sfinţitului şi Prea Milostivului stăpân şi Mitropolit a toată Ungrovlahia Chiriu Chir Dositei</subfield>
      <subfield code="c">Editori Dositei, Mitropolit al Ungrovlahiei, Constandin Ioann Boghici; tipograf Ioann Fridrich Herfurt; trad. Rafail monahul</subfield>
      <subfield code="h">[Carte tipărită]</subfield>
    </datafield>
    <datafield tag="250" ind1=" " ind2=" ">
      <subfield code="a">Ed. 1</subfield>
    </datafield>
    <datafield tag="260" ind1=" " ind2=" ">
      <subfield code="a">Brașov</subfield>
      <subfield code="b">Privileghiata tipografie din Brașov</subfield>
      <subfield code="c">1812</subfield>
    </datafield>
    <datafield tag="300" ind1=" " ind2=" ">
      <subfield code="a">8 p.; [4] f.; 23 p.; 356 p. ; 23 cm</subfield>
    </datafield>
    <datafield tag="500" ind1=" " ind2=" ">
      <subfield code="a">Legătura: carton recent marmorat, cotorul legat în piele. Însemnări: coperta 2: o serie de socoteli; fila de gardă: [...] uşă a pocăinţei [...] am cetit întru ea ii va ţinea [...] în seamă în viaţa lui va fi mântuit de pănă în cealată lume; încercări de condei şi socoteli; foaia de gardă v: Această Sfântă carte ce se numeşte Uşa pocăinţii este una din cărţile meu şi cine să va ispiti să [...] 1837 ziua 27; [...] 1846 [...]; foaia de titlu v: Una din cărţile mele. Gh. Alexandrescu; gravura dintre p. 222-223: încercări de condei; foaia de gardă de la sfârşitul cărţii: Această carte eşt uşa pocăinţii este a lui Ioan Dumitriu cumpărată cu preţ preţ hotărât 2 galbini. 1853 februari (?) 20 [...]. Am cetit pe acestă carte pentru cari am luat multă evlavie. Ekaterina Lupaşcu. Anul 1900; foaia de gardă v: uşa pocăinţii este foarte de folos a ceti oricine din Hriticanu şi esşti a mai josului iscălit. Şi cine să va ispiti a o [...] să fie blestemat de Sf: Hristofor ca neîncetat săi curgă mucii să nui mai poată şterge. 1851 octovri 1. Alecsandru Iconom. Observaţii: donaţie Andrei Oţetea.</subfield>
    </datafield>
    <datafield tag="650" ind1=" " ind2=" ">
      <subfield code="a">teologie</subfield>
    </datafield>
    <datafield tag="650" ind1=" " ind2=" ">
      <subfield code="a">carte românească veche</subfield>
    </datafield>
    <datafield tag="650" ind1=" " ind2=" ">
      <subfield code="a">predici</subfield>
    </datafield>
    <datafield tag="650" ind1=" " ind2=" ">
      <subfield code="a">teologie creştină</subfield>
    </datafield>
    <datafield tag="856" ind1=" " ind2=" ">
      <subfield code="u">http://www.dspace.bjastrasibiu.ro/bitstream/123456789/10151/1/BJA_CS_000487_CRV_0001-0414.pdf</subfield>
    </datafield>
    <datafield tag="995" ind1=" " ind2=" ">
      <subfield code="a">Colecţii Speciale - BRV</subfield>
      <subfield code="D">0.01</subfield>
      <subfield code="e">BRV487</subfield>
      <subfield code="F">Sediul_Central_A</subfield>
      <subfield code="j">815 BRV</subfield>
      <subfield code="U">Available</subfield>
      <subfield code="W">Dec 11, 2019</subfield>
      <subfield code="y">BRV487</subfield>
      <subfield code="Z">Împrumut la Sala</subfield>
    </datafield>
  </record>