
  <record>
    <leader>00000nam a2200000 a 4500</leader>
    <controlfield tag="001">BJSB448519</controlfield>
    <controlfield tag="008">191211s1823####|||||||||||||||||#||####u</controlfield>
    <datafield tag="050" ind1=" " ind2=" ">
      <subfield code="a">81'374.823=00</subfield>
    </datafield>
    <datafield tag="245" ind1="0" ind2="0">
      <subfield code="a">Dictionariu rumanesc, lateinesc, si unguresc, dein orenduiala Excellentii Sale preaosfintitului Ioan Bobb Vladeicul Fagarasului asediat si cu venitu cassi clerului typarit in doao tomuri - Tom II : M-Z</subfield>
      <subfield code="h">[Carte tipărită]</subfield>
    </datafield>
    <datafield tag="260" ind1=" " ind2=" ">
      <subfield code="a">Clus [Cluj]</subfield>
      <subfield code="b">Cu typariul Typografii Collegiului Reformatilor</subfield>
      <subfield code="c">1823</subfield>
    </datafield>
    <datafield tag="300" ind1=" " ind2=" ">
      <subfield code="a">2 file nenumerotate, 576 p. ; 23 cm</subfield>
    </datafield>
    <datafield tag="500" ind1=" " ind2=" ">
      <subfield code="a">Greşeli de paginaţie: p. 225 e numerotată 22. Legătura: din carton marmorat; cotorul şi colţurile învelite în piele; pe cotor apare titlul cărţii. Însemnări: pe foaia de titlu: Mangiuca. Observaţii: ştampilă de formă dreptunghiulară cu textul: Biblioteca „Astrei” (Asociaţiunea pentru lit. rom. şi cultura poporului român). Centrala Sibiu Nr. II 768 pe foaia de titlu, fila nenumerotată , p. 11, 57, 129, 191, 243, 311, 401 (fără numărul II 768); ştampilă ovală cu textul Biblioteca Centrală a Asociaţiunii Sibiiu, p. 41, 77, 193, 269, 391, 483; ştampilă ovală cu următorul text: Biblioteca Asociat. Trane. Rom. P. Cult. Şi Lit. Pop. Rom. pe foaia de titlu; foaia de titlu: ex libris: Biblioteca S. Mangiuca; spre deosebire de exemplarul descris în BRV, erata se află la începutul cărţii.</subfield>
    </datafield>
    <datafield tag="650" ind1=" " ind2=" ">
      <subfield code="a">dicţionare multilingve</subfield>
    </datafield>
    <datafield tag="650" ind1=" " ind2=" ">
      <subfield code="a">dicționare</subfield>
    </datafield>
    <datafield tag="650" ind1=" " ind2=" ">
      <subfield code="a">lingvistică</subfield>
    </datafield>
    <datafield tag="856" ind1=" " ind2=" ">
      <subfield code="u">http://www.dspace.bjastrasibiu.ro/bitstream/123456789/10335/1/BJA_CS_000172_CRV_0001-0586.pdf</subfield>
    </datafield>
    <datafield tag="995" ind1=" " ind2=" ">
      <subfield code="a">Colecţii Speciale - BRV</subfield>
      <subfield code="D">0.01</subfield>
      <subfield code="e">BRV172</subfield>
      <subfield code="F">Sediul_Central_A</subfield>
      <subfield code="j">1150 BRV</subfield>
      <subfield code="U">Available</subfield>
      <subfield code="W">Dec 11, 2019</subfield>
      <subfield code="y">BRV172</subfield>
      <subfield code="Z">Împrumut la Sala</subfield>
    </datafield>
  </record>