
  <record>
    <leader>00000nam a2200000 a 4500</leader>
    <controlfield tag="001">BJSB448517</controlfield>
    <controlfield tag="008">191211s1822####|||||||||||||||||#||####u</controlfield>
    <datafield tag="050" ind1=" " ind2=" ">
      <subfield code="a">81'374.823=00</subfield>
    </datafield>
    <datafield tag="245" ind1="0" ind2="0">
      <subfield code="a">Dictionariu rumanesc, lateinesc, si unguresc, dein orenduiala Excellentii Sale preaosfintitului Ioan Bobb Vladeicul Fagarasului asediat si cu venitu cassi clerului typarit in doao tomuri - Tom I : A-L</subfield>
      <subfield code="h">[Carte tipărită]</subfield>
    </datafield>
    <datafield tag="260" ind1=" " ind2=" ">
      <subfield code="a">Clus [Cluj]</subfield>
      <subfield code="b">Cu typariul Typografii Collegiului Reformatilor</subfield>
      <subfield code="c">1822</subfield>
    </datafield>
    <datafield tag="300" ind1=" " ind2=" ">
      <subfield code="a">2 file nenumerotate, 656 p. ; 23 cm</subfield>
    </datafield>
    <datafield tag="500" ind1=" " ind2=" ">
      <subfield code="a">Greşeli de paginaţie: p. 68 e numerotată 86; p. 78 e numerotată 7. Legătura: din carton marmorat; cotorul şi colţurile învelite în piele; pe cotor apar autorul şi titlul cărţii. Însemnări: pe foaia de titlu: Mangiuca. Observaţii: ştampilă de formă dreptunghiulară cu textul: Biblioteca „Astrei” (Asociaţiunea pentru lit. rom. şi cultura poporului român). Centrala Sibiu Nr. 763 pe foaia de titlu, fila 2 nenumerotată, p. 29, 75, 103, 155, 179, 223, 271; ştampilă ovală cu textul: Biblioteca Centrală a Asociaţiunii Sibiiu, pe p. 149, 349, 585; ştampilă ovală cu următorul text: Biblioteca Asociat. Trane. Rom. P. Cult. Şi Lit. Pop. Rom. pe foaia de titlu; foaia de titlu: ex libris: Biblioteca S. Mangiuca.</subfield>
    </datafield>
    <datafield tag="650" ind1=" " ind2=" ">
      <subfield code="a">dicţionare multilingve</subfield>
    </datafield>
    <datafield tag="650" ind1=" " ind2=" ">
      <subfield code="a">dicționare</subfield>
    </datafield>
    <datafield tag="650" ind1=" " ind2=" ">
      <subfield code="a">lingvistică</subfield>
    </datafield>
    <datafield tag="856" ind1=" " ind2=" ">
      <subfield code="u">http://www.dspace.bjastrasibiu.ro/bitstream/123456789/10357/1/BJA_CS_000171_CRV_0001-0666.pdf</subfield>
    </datafield>
    <datafield tag="995" ind1=" " ind2=" ">
      <subfield code="a">Colecţii Speciale - BRV</subfield>
      <subfield code="D">0.01</subfield>
      <subfield code="e">BRV171</subfield>
      <subfield code="F">Sediul_Central_A</subfield>
      <subfield code="j">1150 BRV</subfield>
      <subfield code="U">Available</subfield>
      <subfield code="W">Dec 11, 2019</subfield>
      <subfield code="y">BRV171</subfield>
      <subfield code="Z">Împrumut la Sala</subfield>
    </datafield>
  </record>