
  <record>
    <leader>00000nam a2200000 a 4500</leader>
    <controlfield tag="001">BJSB448514</controlfield>
    <controlfield tag="008">191211s1812####|||||||||||||||||#||####u</controlfield>
    <datafield tag="050" ind1=" " ind2=" ">
      <subfield code="a">094.1(498); 248.1; 248.12</subfield>
    </datafield>
    <datafield tag="100" ind1=" " ind2=" ">
      <subfield code="a">Kempis, Thomas de</subfield>
    </datafield>
    <datafield tag="245" ind1="1" ind2="2">
      <subfield code="a">A Tomii dela Cămp de urmarea lui Hs patru cărţi cu blagoslovenia, şi chieltuiala Prea osfinţitului, şi Prea Luminatului domn Exselenţia sa Ioann Bobb. Vlădicul Făgăraşului, a Prea Înălţatei Cesaro Crăeştii Mărimi Statului Sfeatnic din lăuntru, şi a Rândului al doilea Leopold Comendator: tipărit în Blaj la mitropolie anul dela Hs 1812. Cu tipariul Seminariului.</subfield>
      <subfield code="c">Toma a Kampe; editor Ioan Bob</subfield>
      <subfield code="h">[Carte tipărită]</subfield>
    </datafield>
    <datafield tag="260" ind1=" " ind2=" ">
      <subfield code="a">Blaj</subfield>
      <subfield code="b">Tiparul Seminarului</subfield>
      <subfield code="c">1812</subfield>
    </datafield>
    <datafield tag="300" ind1=" " ind2=" ">
      <subfield code="a">[1] f.; 3 p.; [7] p.; 420 p. ; 16 cm</subfield>
    </datafield>
    <datafield tag="500" ind1=" " ind2=" ">
      <subfield code="a">Legătura: carton recent marmorat; cotorul învelit în pânză de culoare violet. Observaţii: ştampilă de formă dreptunghiulară cu textul: Biblioteca „Astrei” (Asociaţiunea pentru lit. rom. şi cultura poporului român). Centrala Sibiu Nr. 320 I pe foaia de gardă de la începutul cărţii; p. 3: ştampilă de formă dreptunghiulară cu textul: Biblioteca „Astrei” (Asociaţiunea pentru lit. rom. şi cultura poporului român). Centrala Sibiu Nr. pe foaia de titlu; ştampilă ovală cu textul: Biblioteca Centrală a Asociaţiunii Sibiiu pe p. 83, 151, 259, 307.</subfield>
    </datafield>
    <datafield tag="650" ind1=" " ind2=" ">
      <subfield code="a">teologie ascetică şi mistică</subfield>
    </datafield>
    <datafield tag="650" ind1=" " ind2=" ">
      <subfield code="a">teologie creştină</subfield>
    </datafield>
    <datafield tag="650" ind1=" " ind2=" ">
      <subfield code="a">desăvârșire creștină</subfield>
    </datafield>
    <datafield tag="650" ind1=" " ind2=" ">
      <subfield code="a">carte românească veche</subfield>
    </datafield>
    <datafield tag="995" ind1=" " ind2=" ">
      <subfield code="a">Colecţii Speciale - BRV</subfield>
      <subfield code="D">0.01</subfield>
      <subfield code="e">BRV137</subfield>
      <subfield code="F">Sediul_Central_A</subfield>
      <subfield code="j">813 BRV</subfield>
      <subfield code="U">Available</subfield>
      <subfield code="W">Dec 11, 2019</subfield>
      <subfield code="y">BRV137</subfield>
      <subfield code="Z">Împrumut la Sala</subfield>
    </datafield>
  </record>