
  <record>
    <leader>00000nam a2200000 a 4500</leader>
    <controlfield tag="001">BJSB448515</controlfield>
    <controlfield tag="008">191211s1822####|||||||||||||||||#||####u</controlfield>
    <datafield tag="050" ind1=" " ind2=" ">
      <subfield code="a">81'374.823=00</subfield>
    </datafield>
    <datafield tag="245" ind1="0" ind2="0">
      <subfield code="a">Dictionariu rumanesc, lateinesc, si unguresc, dein orenduiala Excellentii Sale preaosfintitului Ioan Bobb Vladeicul Fagarasului asediat si cu venitu cassi clerului typarit in doao tomuri</subfield>
      <subfield code="h">[Carte tipărită]</subfield>
    </datafield>
    <datafield tag="260" ind1=" " ind2=" ">
      <subfield code="a">Clus [Cluj]</subfield>
      <subfield code="b">Cu typariul Typografii Collegiului Reformatilor</subfield>
      <subfield code="c">1822-</subfield>
    </datafield>
    <datafield tag="300" ind1=" " ind2=" ">
      <subfield code="a">2 vol.</subfield>
    </datafield>
    <datafield tag="650" ind1=" " ind2=" ">
      <subfield code="a">dicționare</subfield>
    </datafield>
    <datafield tag="650" ind1=" " ind2=" ">
      <subfield code="a">dicţionare multilingve</subfield>
    </datafield>
    <datafield tag="650" ind1=" " ind2=" ">
      <subfield code="a">lingvistică</subfield>
    </datafield>
  </record>