
  <record>
    <leader>00000nam a2200000 a 4500</leader>
    <controlfield tag="001">BJSB448506</controlfield>
    <controlfield tag="008">191211s1812####|||||||||||||||||#||####u</controlfield>
    <datafield tag="050" ind1=" " ind2=" ">
      <subfield code="a">094.1(498); 264-68</subfield>
    </datafield>
    <datafield tag="245" ind1="0" ind2="0">
      <subfield code="a">Psaltirea Prorocului şi Înpăratului David. Sibiu, în Privileghiata Tipografie a lui Ioann Bart. 1812.</subfield>
      <subfield code="h">[Carte tipărită]</subfield>
    </datafield>
    <datafield tag="260" ind1=" " ind2=" ">
      <subfield code="a">Sibiu</subfield>
      <subfield code="b">Tipografia Ioan Bart</subfield>
      <subfield code="c">1812</subfield>
    </datafield>
    <datafield tag="300" ind1=" " ind2=" ">
      <subfield code="a">288 p. ; 18 cm</subfield>
    </datafield>
    <datafield tag="500" ind1=" " ind2=" ">
      <subfield code="a">Legătura: carton învelit în piele; se mai păstrează urmele cheotorilor. Însemnări: coperta 2: încercări de condei; foaia de titlu: Salomon [...]; încercări de condei; p. 103: încercări de condei; p. 104: [...] ză [..] sufletelui mieu nututo rile ce luminuşti; p. 246: amerisulu Salomon [...] 1864; p. 255: sept. 24 1936 [...]; p. 258: În luna lui Martie 19 Dile Nicolae Henti cantor; p. 259: La anulu acesta 1843 amu scris acesta Nicolae Henţianu; coperta 3: încercări de condei şi socoteli (tabla înmulţirii). Observaţii: coperta 3: ştampilă cu textul: Anticariat Sibiu Lei 313.</subfield>
    </datafield>
    <datafield tag="650" ind1=" " ind2=" ">
      <subfield code="a">cărţi liturgice</subfield>
    </datafield>
    <datafield tag="650" ind1=" " ind2=" ">
      <subfield code="a">psaltire</subfield>
    </datafield>
    <datafield tag="650" ind1=" " ind2=" ">
      <subfield code="a">teologie ortodoxă</subfield>
    </datafield>
    <datafield tag="650" ind1=" " ind2=" ">
      <subfield code="a">teologie</subfield>
    </datafield>
    <datafield tag="650" ind1=" " ind2=" ">
      <subfield code="a">carte românească veche</subfield>
    </datafield>
    <datafield tag="995" ind1=" " ind2=" ">
      <subfield code="a">Colecţii Speciale - BRV</subfield>
      <subfield code="D">0.01</subfield>
      <subfield code="e">BRV138</subfield>
      <subfield code="F">Sediul_Central_A</subfield>
      <subfield code="j">362 IV BRV</subfield>
      <subfield code="U">Available</subfield>
      <subfield code="W">Dec 11, 2019</subfield>
      <subfield code="y">BRV138</subfield>
      <subfield code="Z">Împrumut la Sala</subfield>
    </datafield>
  </record>