
  <record>
    <leader>00000nam a2200000 a 4500</leader>
    <controlfield tag="001">BJSB448505</controlfield>
    <controlfield tag="008">191211s1820####|||||||||||||||||#||####u</controlfield>
    <datafield tag="050" ind1=" " ind2=" ">
      <subfield code="a">94(37); 929 Numa Pompilius</subfield>
    </datafield>
    <datafield tag="245" ind1="0" ind2="0">
      <subfield code="a">Istoria lui Numa Pompilie al doilea craiu al Romii - Tomul al doilea</subfield>
      <subfield code="c">Trad.: Alexandru Beldiman</subfield>
      <subfield code="h">[Carte tipărită]</subfield>
    </datafield>
    <datafield tag="260" ind1=" " ind2=" ">
      <subfield code="a">[S.l]</subfield>
      <subfield code="b">[S.n.]</subfield>
      <subfield code="c">1820</subfield>
    </datafield>
    <datafield tag="300" ind1=" " ind2=" ">
      <subfield code="a">209 p. ; 21 cm</subfield>
    </datafield>
    <datafield tag="500" ind1=" " ind2=" ">
      <subfield code="a">Greşeli de paginaţie: p. 120 e numerotată 129; numărătoarea continuă greşit; p. 137 e numerotată 129; numărătoarea continuă greşit; p. 207 e numerotată 307. Legătura: carton recent marmorat, cotorul legat în piele de culoare maronie; pe cotor titlul cărţii. Observaţii: donaţie Andrei Oţetea Text în limba română cu caractere chirilice.</subfield>
    </datafield>
    <datafield tag="650" ind1=" " ind2=" ">
      <subfield code="a">istorie antică</subfield>
    </datafield>
    <datafield tag="650" ind1=" " ind2=" ">
      <subfield code="a">istoria Romei antice</subfield>
    </datafield>
    <datafield tag="650" ind1=" " ind2=" ">
      <subfield code="a">istorie</subfield>
    </datafield>
    <datafield tag="650" ind1=" " ind2=" ">
      <subfield code="a">istoria Romei</subfield>
    </datafield>
    <datafield tag="650" ind1=" " ind2=" ">
      <subfield code="a">biografii</subfield>
    </datafield>
    <datafield tag="995" ind1=" " ind2=" ">
      <subfield code="a">Colecţii Speciale - BRV</subfield>
      <subfield code="D">0.01</subfield>
      <subfield code="e">BRV490</subfield>
      <subfield code="F">Sediul_Central_A</subfield>
      <subfield code="j">1071 BRV</subfield>
      <subfield code="U">Available</subfield>
      <subfield code="W">Dec 11, 2019</subfield>
      <subfield code="y">BRV490</subfield>
      <subfield code="Z">Împrumut la Sala</subfield>
    </datafield>
  </record>