
  <record>
    <leader>00000nam a2200000 a 4500</leader>
    <controlfield tag="001">BJSB448493</controlfield>
    <controlfield tag="008">191211s1812####|||||||||||||||||#||####u</controlfield>
    <datafield tag="050" ind1=" " ind2=" ">
      <subfield code="a">094.1(498); 94(398.2)</subfield>
    </datafield>
    <datafield tag="100" ind1=" " ind2=" ">
      <subfield code="a">Maior, Petru</subfield>
    </datafield>
    <datafield tag="245" ind1="1" ind2="0">
      <subfield code="a">Istoria pentru începutul românilor în Dacia întocmită de Petru Maior de Dicio – Sânmartin, protopop, şi la Înălţatul Crăescul Consilium Locumtenenţiale al Ungariei crăesc a cărţilor revizor. La buda. În Crăiasca Tipografie a Universităţii Ungureşti din Peşta. 1812.</subfield>
      <subfield code="c">Petru Maior</subfield>
      <subfield code="h">[Carte tipărită]</subfield>
    </datafield>
    <datafield tag="260" ind1=" " ind2=" ">
      <subfield code="a">Buda</subfield>
      <subfield code="b">Crăiasca Tipografie a Universității Ungurești</subfield>
      <subfield code="c">1812</subfield>
    </datafield>
    <datafield tag="300" ind1=" " ind2=" ">
      <subfield code="a">[2] f.; 348 p. ; 23 cm</subfield>
    </datafield>
    <datafield tag="500" ind1=" " ind2=" ">
      <subfield code="a">Greşeli de paginaţie: p. 38 e numerotată 15. Legătura: coperţi din carton recent marmorat; cotor legat în piele; pe cotor, autorul şi titlul cărţii în limba română, caractere chirilice. Însemnări: foaia de gardă de la începutul cărţii: Era bizantina 5508. Hic Liber inscriptus ex Cathalogo Librorum Georgii Baritz. 1831 Claudiopoli; foaia de gardă de la începutul cărţii v: Întru aquele tempuri şi alte ginte s'au mutat cu totul, asia dara şi Daci toţi s'au dus, au fugit din antea lui Traian; foaia de gardă de la sfârşitul cărţii: Argumentar sic...însemnare în limba latină; foaia de gardă v: Din geniul Limbii Românesci nequa o asprime fireasca a Natii se pote deduce [text latin]. Multe sunt în limba românească quarii nu se [...] cu geniusul deşi sunt în [...] poporului. Din contra altele sunt quare mare [...] au cu geniul Naţii aşa dar să se primească. Unele sunt ascunse ici şi cole [text latin şi românesc].</subfield>
    </datafield>
    <datafield tag="650" ind1=" " ind2=" ">
      <subfield code="a">carte românească veche</subfield>
    </datafield>
    <datafield tag="650" ind1=" " ind2=" ">
      <subfield code="a">istorie</subfield>
    </datafield>
    <datafield tag="650" ind1=" " ind2=" ">
      <subfield code="a">istoria românilor</subfield>
    </datafield>
    <datafield tag="650" ind1=" " ind2=" ">
      <subfield code="a">istoria Daciei</subfield>
    </datafield>
    <datafield tag="995" ind1=" " ind2=" ">
      <subfield code="a">Colecţii Speciale - BRV</subfield>
      <subfield code="D">0.01</subfield>
      <subfield code="e">BRV136</subfield>
      <subfield code="F">Sediul_Central_A</subfield>
      <subfield code="j">809b BRV</subfield>
      <subfield code="U">Available</subfield>
      <subfield code="W">Dec 11, 2019</subfield>
      <subfield code="y">BRV136</subfield>
      <subfield code="Z">Împrumut la Sala</subfield>
    </datafield>
  </record>