
  <record>
    <leader>00000nam a2200000 a 4500</leader>
    <controlfield tag="001">BJSB448497</controlfield>
    <controlfield tag="008">191211s1820####|||||||||||||||||#||####u</controlfield>
    <datafield tag="050" ind1=" " ind2=" ">
      <subfield code="a">94(37); 929 Numa Pompilius</subfield>
    </datafield>
    <datafield tag="245" ind1="0" ind2="0">
      <subfield code="a">Istoria lui Numa Pompilie al doilea craiu al Romii. Tălmăcită din Limba Franţuzească, de dumnealui postelnicul Alexandru Beldiman. şi dată şi în tipariu, cu a dumisale chieltuială, spre podoaba Limbii Româneşti, şi îndeletnicirea Patrioţilor. în zilele Prea Luminatului şi Prea Înălţatului nostru Domn al Moldaviei Mihail Grigoriu Suţul Voevod. Întru al doilea an a Domniei Înălțimii Sale. - Tomul întâiu</subfield>
      <subfield code="c">Trad.: Alexandru Beldiman</subfield>
      <subfield code="h">[Carte tipărită]</subfield>
    </datafield>
    <datafield tag="260" ind1=" " ind2=" ">
      <subfield code="a">[S.l]</subfield>
      <subfield code="b">[S.n.]</subfield>
      <subfield code="c">1820</subfield>
    </datafield>
    <datafield tag="300" ind1=" " ind2=" ">
      <subfield code="a">3 file nenumerotate, 192 p. ; 21 cm</subfield>
    </datafield>
    <datafield tag="500" ind1=" " ind2=" ">
      <subfield code="a">Greşeli de paginaţie: p. 59 e numerotată 56; p. 113 e numerotată 133; p. 114 e numerotată 134; p. 115 e numerotată 135; p. 116 e numerotată 136; p. 117 e numerotată 137; p. 118 e numerotată 138; p. 119 e numerotată 139; p. 120 e numerotată 140 (nemenţionate de BRV). Legătura: carton recent marmorat, cotorul legat în piele de culoare maronie; pe cotor titlul cărţii. Însemnări: pe fila de gardă v: La anul 1838 [...] 11: La 8½ ceasuri evropeneşti sara au fost cutremur mare au ţinut ca 3 minute; La anul 1703 mai 16 De cătră imperatorul Petru sau văzut cetalia de [...] Petero[...] ghe. 15 1856; p. 14: 1918 Visat pe Toma în căruţă cu cai buni din 1894. Ianuar 23 - 24 Noaptea; p. 44: S. Stoicescu 1918 Şoldovan; p. 86: 1918 Ianuarie 24; p. 151: S. Stoicescu. Şaldona; p. 191: S. Stoicescu. Observaţii: donaţie Andrei Oţetea. Text în limba română cu caractere chirilice.</subfield>
    </datafield>
    <datafield tag="650" ind1=" " ind2=" ">
      <subfield code="a">istorie</subfield>
    </datafield>
    <datafield tag="650" ind1=" " ind2=" ">
      <subfield code="a">biografii</subfield>
    </datafield>
    <datafield tag="650" ind1=" " ind2=" ">
      <subfield code="a">istorie antică</subfield>
    </datafield>
    <datafield tag="650" ind1=" " ind2=" ">
      <subfield code="a">istoria Romei antice</subfield>
    </datafield>
    <datafield tag="650" ind1=" " ind2=" ">
      <subfield code="a">istoria Romei</subfield>
    </datafield>
    <datafield tag="995" ind1=" " ind2=" ">
      <subfield code="a">Colecţii Speciale - BRV</subfield>
      <subfield code="D">0.01</subfield>
      <subfield code="e">BRV489</subfield>
      <subfield code="F">Sediul_Central_A</subfield>
      <subfield code="j">1071 BRV</subfield>
      <subfield code="U">Available</subfield>
      <subfield code="W">Dec 11, 2019</subfield>
      <subfield code="y">BRV489</subfield>
      <subfield code="Z">Împrumut la Sala</subfield>
    </datafield>
  </record>