
  <record>
    <leader>00000nam a2200000 a 4500</leader>
    <controlfield tag="001">BJSB448492</controlfield>
    <controlfield tag="008">191211s1820####|||||||||||||||||#||####u</controlfield>
    <datafield tag="050" ind1=" " ind2=" ">
      <subfield code="a">94(37); 929 Numa Pompilius</subfield>
    </datafield>
    <datafield tag="245" ind1="0" ind2="0">
      <subfield code="a">Istoria lui Numa Pompilie al doilea craiu al Romii. Tălmăcită din Limba Franţuzească, de dumnealui postelnicul Alexandru Beldiman. şi dată şi în tipariu, cu a dumisale chieltuială, spre podoaba Limbii Româneşti, şi îndeletnicirea Patrioţilor. în zilele Prea Luminatului şi Prea Înălţatului nostru Domn al Moldaviei Mihail Grigoriu Suţul Voevod. Întru al doilea an a Domniei Înălțimii Sale.</subfield>
      <subfield code="c">Trad.: Alexandru Beldiman</subfield>
      <subfield code="h">[Carte tipărită]</subfield>
    </datafield>
    <datafield tag="260" ind1=" " ind2=" ">
      <subfield code="a">[S.l]</subfield>
      <subfield code="b">[S.n.]</subfield>
      <subfield code="c">1820</subfield>
    </datafield>
    <datafield tag="300" ind1=" " ind2=" ">
      <subfield code="a">vol.</subfield>
    </datafield>
    <datafield tag="650" ind1=" " ind2=" ">
      <subfield code="a">istorie</subfield>
    </datafield>
    <datafield tag="650" ind1=" " ind2=" ">
      <subfield code="a">istorie antică</subfield>
    </datafield>
    <datafield tag="650" ind1=" " ind2=" ">
      <subfield code="a">biografii</subfield>
    </datafield>
    <datafield tag="650" ind1=" " ind2=" ">
      <subfield code="a">istoria Romei antice</subfield>
    </datafield>
    <datafield tag="650" ind1=" " ind2=" ">
      <subfield code="a">istoria Romei</subfield>
    </datafield>
  </record>