
  <record>
    <leader>00000nam a2200000 a 4500</leader>
    <controlfield tag="001">BJSB448473</controlfield>
    <controlfield tag="008">191211s1819####|||||||||||||||||#||####u</controlfield>
    <datafield tag="050" ind1=" " ind2=" ">
      <subfield code="a">222.11; 22.046; 094.1(498)</subfield>
    </datafield>
    <datafield tag="100" ind1=" " ind2=" ">
      <subfield code="a">Voulgaris, Eugenios, Arhiepiscop</subfield>
    </datafield>
    <datafield tag="245" ind1="1" ind2="0">
      <subfield code="a">Adoleshia Filotheos adecă Îndeletnicire Iubitoare de Dumnezeu adecă Din cetirea Cărţii celor cinci Sfinţite Scripturi ale lui Moisi, înţălegeri de suflet folositoare şi mântuitoare: alcătuită de Arhiepiscopul Evghenie Vulgariul şi acum pre limba Românească tălmăcită, şi tipărită de S. V. N. M. N. M. M. în zilele Prea Înălţatului Domn Mihail Grigoriu Suțul Voevod - Tomul al Doilea : întru care să cuprind înţelegerile cele din cetirea unia din cele cinci sfinţite cărţi, a Ieșirii</subfield>
      <subfield code="c">Arhiepiscopul Evghenie Vulgariul</subfield>
      <subfield code="h">[Carte tipărită]</subfield>
    </datafield>
    <datafield tag="260" ind1=" " ind2=" ">
      <subfield code="a">Iași</subfield>
      <subfield code="b">Tipografia Sfintei Mitropolii</subfield>
      <subfield code="c">1819</subfield>
    </datafield>
    <datafield tag="300" ind1=" " ind2=" ">
      <subfield code="a">1 filă nenumerotată, 184 p., 4 file nenumerotate ; 23 cm</subfield>
    </datafield>
    <datafield tag="500" ind1=" " ind2=" ">
      <subfield code="a">Greşeli de paginaţie: p. 22 e numerotată 23; p. 50 e numerotată 49; p. 159 e numerotată 156 (nemenţionate în BRV). Legătura: coperţi din carton legate în piele de culoare maronie. Însemnări: p. 120: Elenac Zulniac. Zulnu. Zulniac; p. 121: încercări de condei; p. 141: Mlaru Neculau; p. 176, 178-179: încercări de condei. Observaţii: este colligat cu volumele unu şi trei. Text în limba română cu caractere chirilice.</subfield>
    </datafield>
    <datafield tag="650" ind1=" " ind2=" ">
      <subfield code="a">teologie</subfield>
    </datafield>
    <datafield tag="650" ind1=" " ind2=" ">
      <subfield code="a">Biblia</subfield>
    </datafield>
    <datafield tag="650" ind1=" " ind2=" ">
      <subfield code="a">Vechiul Testament</subfield>
    </datafield>
    <datafield tag="650" ind1=" " ind2=" ">
      <subfield code="a">Ieșirea</subfield>
    </datafield>
    <datafield tag="650" ind1=" " ind2=" ">
      <subfield code="a">carte veche românească</subfield>
    </datafield>
    <datafield tag="856" ind1=" " ind2=" ">
      <subfield code="u">http://www.dspace.bjastrasibiu.ro/bitstream/123456789/10375/1/BJA_CS_000511_CRV_0001-0194.pdf</subfield>
    </datafield>
    <datafield tag="995" ind1=" " ind2=" ">
      <subfield code="a">Colecţii Speciale - BRV</subfield>
      <subfield code="D">0.01</subfield>
      <subfield code="e">BRV511</subfield>
      <subfield code="F">Sediul_Central_A</subfield>
      <subfield code="j">867 BRV</subfield>
      <subfield code="U">Available</subfield>
      <subfield code="W">Dec 11, 2019</subfield>
      <subfield code="y">BRV511</subfield>
      <subfield code="Z">Împrumut la Sala</subfield>
    </datafield>
  </record>