
  <record>
    <leader>00000nam a2200000 a 4500</leader>
    <controlfield tag="001">BJSB448462</controlfield>
    <controlfield tag="008">191211s1819####|||||||||||||||||#||####u</controlfield>
    <datafield tag="050" ind1=" " ind2=" ">
      <subfield code="a">222.11; 22.046; 094.1(498)</subfield>
    </datafield>
    <datafield tag="100" ind1=" " ind2=" ">
      <subfield code="a">Voulgaris, Eugenios, Arhiepiscop</subfield>
    </datafield>
    <datafield tag="245" ind1="1" ind2="0">
      <subfield code="a">Adoleshia Filotheos adecă Îndeletnicire Iubitoare de Dumnezeu adecă Din cetirea Cărţii celor cinci Sfinţite Scripturi ale lui Moisi, înţălegeri de suflet folositoare şi mântuitoare: alcătuită de Arhiepiscopul Evghenie Vulgariul şi acum pre limba Românească tălmăcită, şi tipărită de S. V. N. M. N. M. M. în zilele Prea Înălţatului Domn Mihail Grigoriu Suțul Voevod - Tomul al Treilea : întru care să cuprind înţelegerile cele din cetirea unia din cele cinci sfinţite cărţi, a Leviților</subfield>
      <subfield code="c">Arhiepiscopul Evghenie Vulgariul</subfield>
      <subfield code="h">[Carte tipărită]</subfield>
    </datafield>
    <datafield tag="260" ind1=" " ind2=" ">
      <subfield code="a">Iași</subfield>
      <subfield code="b">Tipografia Sfintei Mitropolii</subfield>
      <subfield code="c">1819</subfield>
    </datafield>
    <datafield tag="300" ind1=" " ind2=" ">
      <subfield code="a">1 filă nenumerotată, 90 p., 2 file nenumerotate ; 23 cm</subfield>
    </datafield>
    <datafield tag="500" ind1=" " ind2=" ">
      <subfield code="a">Greşeli de paginaţie: p. 9 e numerotată 6 (nemenţionat în BRV). Legătura: coperţi din carton legate în piele de culoare maronie. Observaţii: coperta 3 anexă cu textul: Anticariat Sibiu. Lei 500; este colligat cu volumele unu şi doi. Text în limba română cu caractere chirilice.</subfield>
    </datafield>
    <datafield tag="650" ind1=" " ind2=" ">
      <subfield code="a">Vechiul Testament</subfield>
    </datafield>
    <datafield tag="650" ind1=" " ind2=" ">
      <subfield code="a">Ieșirea</subfield>
    </datafield>
    <datafield tag="650" ind1=" " ind2=" ">
      <subfield code="a">carte veche românească</subfield>
    </datafield>
    <datafield tag="650" ind1=" " ind2=" ">
      <subfield code="a">teologie</subfield>
    </datafield>
    <datafield tag="650" ind1=" " ind2=" ">
      <subfield code="a">Biblia</subfield>
    </datafield>
    <datafield tag="856" ind1=" " ind2=" ">
      <subfield code="u">http://www.dspace.bjastrasibiu.ro/bitstream/123456789/10376/1/BJA_CS_000512_CRV_0001-0099.pdf</subfield>
    </datafield>
    <datafield tag="995" ind1=" " ind2=" ">
      <subfield code="a">Colecţii Speciale - BRV</subfield>
      <subfield code="D">0.01</subfield>
      <subfield code="e">BRV512</subfield>
      <subfield code="F">Sediul_Central_A</subfield>
      <subfield code="j">867 BRV</subfield>
      <subfield code="U">Available</subfield>
      <subfield code="W">Dec 11, 2019</subfield>
      <subfield code="y">BRV512</subfield>
      <subfield code="Z">Împrumut la Sala</subfield>
    </datafield>
  </record>