
  <record>
    <leader>00000nam a2200000 a 4500</leader>
    <controlfield tag="001">BJSB448458</controlfield>
    <controlfield tag="008">191211s1813####|||||||||||||||||#||####u</controlfield>
    <datafield tag="050" ind1=" " ind2=" ">
      <subfield code="a">094.1(498); 616.9</subfield>
    </datafield>
    <datafield tag="245" ind1="0" ind2="0">
      <subfield code="a">Întru urmarea prea înaltei gubernialiceştii porunci după măsura stărilor înprejur a vremii când sar ivi ciuma, sprijinealele cele politiceşti ce vin de a să întrebuinţa asupra boalei acestia din capul al 6-lea a normativului celui ce despre paza sănătăţii la 4 noemvrie a. 1813 sub numărul 9146 sau dat la lumină, pentru ştiinţa tuturor prin aceste următoare să fac cunoscute.</subfield>
      <subfield code="h">[Carte tipărită]</subfield>
    </datafield>
    <datafield tag="260" ind1=" " ind2=" ">
      <subfield code="a">Viena</subfield>
      <subfield code="b">[S.n.]</subfield>
      <subfield code="c">1813</subfield>
    </datafield>
    <datafield tag="300" ind1=" " ind2=" ">
      <subfield code="a">[3] f. ; 31 cm</subfield>
    </datafield>
    <datafield tag="500" ind1=" " ind2=" ">
      <subfield code="a">Legătura: în folie de protecţie. Însemnări: fila 3 v: A 872, bibl. asoc. tran.</subfield>
    </datafield>
    <datafield tag="650" ind1=" " ind2=" ">
      <subfield code="a">boli infecţioase</subfield>
    </datafield>
    <datafield tag="650" ind1=" " ind2=" ">
      <subfield code="a">carte românească veche</subfield>
    </datafield>
    <datafield tag="650" ind1=" " ind2=" ">
      <subfield code="a">combaterea bolilor</subfield>
    </datafield>
    <datafield tag="650" ind1=" " ind2=" ">
      <subfield code="a">epidemii</subfield>
    </datafield>
    <datafield tag="995" ind1=" " ind2=" ">
      <subfield code="a">Colecţii Speciale - BRV</subfield>
      <subfield code="D">0.01</subfield>
      <subfield code="e">BRV143</subfield>
      <subfield code="F">Sediul_Central_A</subfield>
      <subfield code="j">378 IV BRV</subfield>
      <subfield code="U">Available</subfield>
      <subfield code="W">Dec 11, 2019</subfield>
      <subfield code="y">BRV143</subfield>
      <subfield code="Z">Împrumut la Sala</subfield>
    </datafield>
  </record>