
  <record>
    <leader>00000nam a2200000 a 4500</leader>
    <controlfield tag="001">BJSB448447</controlfield>
    <controlfield tag="008">191211s1818####|||||||||||||||||#||####u</controlfield>
    <datafield tag="050" ind1=" " ind2=" ">
      <subfield code="a">94(398.2)</subfield>
    </datafield>
    <datafield tag="100" ind1=" " ind2=" ">
      <subfield code="a">Fotino, Dionisie (Photinos, Dionysios)</subfield>
    </datafield>
    <datafield tag="245" ind1="1" ind2="0">
      <subfield code="a">Istoria tes palai Dakias ta nyn Transilvanias, Blakhias, kai Moldauias : Ek diaphoron palaion kai neoteron synggrapheon syneranistheisa para Dionisios Photeinos - Tomos I</subfield>
      <subfield code="c">Dionysioy Photeinoy</subfield>
      <subfield code="h">[Carte tipărită]</subfield>
    </datafield>
    <datafield tag="260" ind1=" " ind2=" ">
      <subfield code="a">En Vienne tes Aoustrias</subfield>
      <subfield code="b">Ek tou Tipographeiou Io. Barthol Svekiou</subfield>
      <subfield code="c">1818</subfield>
    </datafield>
    <datafield tag="300" ind1=" " ind2=" ">
      <subfield code="a">1 filă nenumerotată, 320 p., 1 p. nenumerotată : il. ; 19 cm</subfield>
    </datafield>
    <datafield tag="500" ind1=" " ind2=" ">
      <subfield code="a">Legătura: carton recent marmorat; cotorul învelit în piele; se păstrează titlul cărţii. Însemnări: p. 2: Dăruită Asociatiunii de Nicolae S. Stefan stud. Med. Bănat. Mercina. Octombrie 3 1911. Observaţii: ştampilă de formă dreptunghiulară cu textul: Biblioteca „Astrei” (Asociaţiunea pentru lit. rom. şi cultura poporului român). Centrala Sibiu Nr. VIII 8161 pe fila de gardă de la începutul cărţii.</subfield>
    </datafield>
    <datafield tag="650" ind1=" " ind2=" ">
      <subfield code="a">istoria Daciei</subfield>
    </datafield>
    <datafield tag="650" ind1=" " ind2=" ">
      <subfield code="a">istoria românilor</subfield>
    </datafield>
    <datafield tag="650" ind1=" " ind2=" ">
      <subfield code="a">istorie</subfield>
    </datafield>
    <datafield tag="650" ind1=" " ind2=" ">
      <subfield code="a">istorie antică</subfield>
    </datafield>
    <datafield tag="856" ind1=" " ind2=" ">
      <subfield code="u">http://www.dspace.bjastrasibiu.ro/bitstream/123456789/10363/1/BJA_CS_000162_CRV_0001-0334.pdf</subfield>
    </datafield>
    <datafield tag="995" ind1=" " ind2=" ">
      <subfield code="a">Colecţii Speciale - BRV</subfield>
      <subfield code="D">0.01</subfield>
      <subfield code="e">BRV162</subfield>
      <subfield code="F">Sediul_Central_A</subfield>
      <subfield code="j">996 BRV</subfield>
      <subfield code="U">Available</subfield>
      <subfield code="W">Dec 11, 2019</subfield>
      <subfield code="y">BRV162</subfield>
      <subfield code="Z">Împrumut la Sala</subfield>
    </datafield>
  </record>