
  <record>
    <leader>00000nam a2200000 a 4500</leader>
    <controlfield tag="001">BJSB448443</controlfield>
    <controlfield tag="008">191211s1813####|||||||||||||||||#||####u</controlfield>
    <datafield tag="050" ind1=" " ind2=" ">
      <subfield code="a">094.1(498); 27(498)</subfield>
    </datafield>
    <datafield tag="100" ind1=" " ind2=" ">
      <subfield code="a">Maior, Petru</subfield>
    </datafield>
    <datafield tag="245" ind1="1" ind2="0">
      <subfield code="a">Istoria besericei românilor. Atât acestor din coace, precum şi acelor din colo de Dunăre, întocmită de Petru Maior de Dicio - Sânmărtin, protopop şi la Înălţatul Crăescul Consilium Locumtenenţiale al Ungariei crăesc a cărţilor revizor. La Buda. În Crăiasca Tipografie a Universitatei din Peşta. Anul Domnului 1813.</subfield>
      <subfield code="c">Petru Maior</subfield>
      <subfield code="h">[Carte tipărită]</subfield>
    </datafield>
    <datafield tag="260" ind1=" " ind2=" ">
      <subfield code="a">Buda</subfield>
      <subfield code="b">Crăiasca Tipografie a Universității Ungurești</subfield>
      <subfield code="c">1813</subfield>
    </datafield>
    <datafield tag="300" ind1=" " ind2=" ">
      <subfield code="a">[4] f.; p. 1-240, 249-368 ; 23 cm</subfield>
    </datafield>
    <datafield tag="500" ind1=" " ind2=" ">
      <subfield code="a">Legătura: carton recent marmorat. Greşeli de paginaţie: p. 327 e numerotată 343; p. 328 e numerotată 344. Însemnări: foaia de titlu: Prof. Stefan Pop. Ioannis [...]. Observaţii: exemplar incomplet, lipsesc p. 241-248, 369-392; coperta 3 ştampilă cu textul: Anticariat 625.</subfield>
    </datafield>
    <datafield tag="650" ind1=" " ind2=" ">
      <subfield code="a">istoria bisericii române</subfield>
    </datafield>
    <datafield tag="650" ind1=" " ind2=" ">
      <subfield code="a">carte românească veche</subfield>
    </datafield>
    <datafield tag="650" ind1=" " ind2=" ">
      <subfield code="a">istoria bisericii</subfield>
    </datafield>
    <datafield tag="856" ind1=" " ind2=" ">
      <subfield code="u">http://www.dspace.bjastrasibiu.ro/bitstream/123456789/10152/1/BJA_CS_000360_CRV_0001-0372.pdf</subfield>
    </datafield>
    <datafield tag="995" ind1=" " ind2=" ">
      <subfield code="a">Colecţii Speciale - BRV</subfield>
      <subfield code="D">0.01</subfield>
      <subfield code="e">BRV360</subfield>
      <subfield code="F">Sediul_Central_A</subfield>
      <subfield code="j">828 BRV</subfield>
      <subfield code="U">Available</subfield>
      <subfield code="W">Dec 11, 2019</subfield>
      <subfield code="y">BRV360</subfield>
      <subfield code="Z">Împrumut la Sala</subfield>
    </datafield>
  </record>