
  <record>
    <leader>00000nam a2200000 a 4500</leader>
    <controlfield tag="001">BJSB448425</controlfield>
    <controlfield tag="008">191211s1813####|||||||||||||||||#||####u</controlfield>
    <datafield tag="050" ind1=" " ind2=" ">
      <subfield code="a">094.1(498); 37.013</subfield>
    </datafield>
    <datafield tag="100" ind1=" " ind2=" ">
      <subfield code="a">Teodorovici, Ioan</subfield>
    </datafield>
    <datafield tag="245" ind1="1" ind2="0">
      <subfield code="a">Îndreptări moralniceşti tinerilor foarte folositoare cu chieltuiala jupânului Ioann Logofăt negoţitoriului şi cetăţeanului din Timişoara tipărite. În Buda. Cu tipariul Crăeştei Tipografii a Universitatei Ungureşti din Peşta, 1813.</subfield>
      <subfield code="c">Ioan Teodorovici; editor Ioan Logofăt</subfield>
      <subfield code="h">[Carte tipărită]</subfield>
    </datafield>
    <datafield tag="260" ind1=" " ind2=" ">
      <subfield code="a">Buda</subfield>
      <subfield code="b">Crăiasca Tipografie a Universității Ungurești</subfield>
      <subfield code="c">1813</subfield>
    </datafield>
    <datafield tag="300" ind1=" " ind2=" ">
      <subfield code="a">[3] f.; 74 p.; [1] f. , 18 cm</subfield>
    </datafield>
    <datafield tag="500" ind1=" " ind2=" ">
      <subfield code="a">Legătura: carton recent marmorat. Greşeli de paginaţie: p. 26 e numerotată 36 (numerotarea continuă greşit); p. 69 nu este numerotată. Însemnări: fila de titlu: Dar dela Sofronie Liuba învăţătoriu în Maidan. Observaţii: ştampilă de formă dreptunghiulară cu textul: Biblioteca „Astrei” (Asociaţiunea pentru lit. rom. şi cultura poporului român). Centrala Sibiu Nr. pe fila 2; ştampilă ovală cu textul: Biblioteca Centrală a Asociaţiunii Sibiiu pe p. 15, 43, 67; este colligat cu tipăritura D. Ţichindeal, Arătare despre stare...sholasticeştilor instituturi ale naţiei româneşti, sârbeşti şi greceşti, Buda, 1813.</subfield>
    </datafield>
    <datafield tag="650" ind1=" " ind2=" ">
      <subfield code="a">carte românească veche</subfield>
    </datafield>
    <datafield tag="650" ind1=" " ind2=" ">
      <subfield code="a">pedagogie practică</subfield>
    </datafield>
    <datafield tag="650" ind1=" " ind2=" ">
      <subfield code="a">pedagogie</subfield>
    </datafield>
    <datafield tag="995" ind1=" " ind2=" ">
      <subfield code="a">Colecţii Speciale - BRV</subfield>
      <subfield code="D">0.01</subfield>
      <subfield code="e">BRV139</subfield>
      <subfield code="F">Sediul_Central_A</subfield>
      <subfield code="j">825 BRV</subfield>
      <subfield code="U">Available</subfield>
      <subfield code="W">Dec 11, 2019</subfield>
      <subfield code="y">BRV139</subfield>
      <subfield code="Z">Împrumut la Sala</subfield>
    </datafield>
  </record>