
  <record>
    <leader>00000nam a2200000 a 4500</leader>
    <controlfield tag="001">BJSB448424</controlfield>
    <controlfield tag="008">191211s1813####|||||||||||||||||#||####u</controlfield>
    <datafield tag="050" ind1=" " ind2=" ">
      <subfield code="a">094.1(498); 37.01</subfield>
    </datafield>
    <datafield tag="100" ind1=" " ind2=" ">
      <subfield code="a">Țichindeal, Dimitrie</subfield>
    </datafield>
    <datafield tag="245" ind1="1" ind2="0">
      <subfield code="a">Arătare despre stare acestor noao întroduse sholasticeşti instituturi ale naţiei româneşti, sârbeşti şi greceşti. La Buda. Cu tipariul Crăeştei Tipografii a Universitatei Ungureşti din Peşta. 1813.</subfield>
      <subfield code="c">Dimitrie Țichindeal</subfield>
      <subfield code="h">[Carte tipărită]</subfield>
    </datafield>
    <datafield tag="260" ind1=" " ind2=" ">
      <subfield code="a">Buda</subfield>
      <subfield code="b">Crăiasca Tipografie a Universității Ungurești</subfield>
      <subfield code="c">1813</subfield>
    </datafield>
    <datafield tag="300" ind1=" " ind2=" ">
      <subfield code="a">44 p. ; 18 cm</subfield>
    </datafield>
    <datafield tag="500" ind1=" " ind2=" ">
      <subfield code="a">Legătura: carton recent marmorat. Însemnări: foaia de titlu: de D. Ţichindeal. Observaţii: exemplar incomplet, lipsesc p. 45-62; este colligat cu tipăritura Îndreptări moraliceşti, Buda, 1813; ştampilă ovală cu textul Biblioteca Centrală a Asociaţiunii Sibiiu pe p. 11; numeroase pagini se păstrează fragmentar.</subfield>
    </datafield>
    <datafield tag="650" ind1=" " ind2=" ">
      <subfield code="a">carte românească veche</subfield>
    </datafield>
    <datafield tag="650" ind1=" " ind2=" ">
      <subfield code="a">educaţie şcolară</subfield>
    </datafield>
    <datafield tag="650" ind1=" " ind2=" ">
      <subfield code="a">educație</subfield>
    </datafield>
    <datafield tag="650" ind1=" " ind2=" ">
      <subfield code="a">bazele educaţiei</subfield>
    </datafield>
    <datafield tag="995" ind1=" " ind2=" ">
      <subfield code="a">Colecţii Speciale - BRV</subfield>
      <subfield code="D">0.01</subfield>
      <subfield code="e">BRV140</subfield>
      <subfield code="F">Sediul_Central_A</subfield>
      <subfield code="j">835 BRV</subfield>
      <subfield code="U">Available</subfield>
      <subfield code="W">Dec 11, 2019</subfield>
      <subfield code="y">BRV140</subfield>
      <subfield code="Z">Împrumut la Sala</subfield>
    </datafield>
  </record>