
  <record>
    <leader>00000nam a2200000 a 4500</leader>
    <controlfield tag="001">BJSB448421</controlfield>
    <controlfield tag="008">191211s1814####|||||||||||||||||#||####u</controlfield>
    <datafield tag="050" ind1=" " ind2=" ">
      <subfield code="a">084.1(498); 348.819.5</subfield>
    </datafield>
    <datafield tag="100" ind1=" " ind2=" ">
      <subfield code="a">Donici, Andronache</subfield>
    </datafield>
    <datafield tag="245" ind1="1" ind2="0">
      <subfield code="a">Adunare cuprinzetoare în scurt din cărţile înpărăteştilor pravile, spre înlesnirea celor ce să îndeletnicesc întru învăţătura lor, cu trimiterea cătră cartea, titlul, capul paragraful înpărăteştilor pravile. Acum întâi tipărită cu pozvolenia prea înălţatului domn şi stăpânitoriu Moldaviei Scarlat Alexandru Callimah Voevod. Și cu blagoslovenia Preaosfinţitului Mitropolit al Moldaviei Chirio Chirio Veniamin. Alcătuită cu osteneala şi osârdia boiariului Moldaviei Andronachi Donici. Iaşi 1814...</subfield>
      <subfield code="c">Andronache Donici</subfield>
      <subfield code="h">[Carte tipărită]</subfield>
    </datafield>
    <datafield tag="250" ind1=" " ind2=" ">
      <subfield code="a">Ed. 1</subfield>
    </datafield>
    <datafield tag="260" ind1=" " ind2=" ">
      <subfield code="a">Iași</subfield>
      <subfield code="b">Tipografia Sfintei Mitropolii</subfield>
      <subfield code="c">1814</subfield>
    </datafield>
    <datafield tag="300" ind1=" " ind2=" ">
      <subfield code="a">[13] f.; 184 p. ; 23 cm</subfield>
    </datafield>
    <datafield tag="500" ind1=" " ind2=" ">
      <subfield code="a">Greşeli de paginaţie: p. 44 e numerotată 43; p. 45 e numerotată 44; p. 48 e numerotată 46. Legătura: carton recent legat în piele. Însemnări: foaia de titlu v: Data de sub [...] mea [...] 885 Mai 15 [...].</subfield>
    </datafield>
    <datafield tag="650" ind1=" " ind2=" ">
      <subfield code="a">carte românească veche</subfield>
    </datafield>
    <datafield tag="650" ind1=" " ind2=" ">
      <subfield code="a">drept canonic bisericesc</subfield>
    </datafield>
    <datafield tag="856" ind1=" " ind2=" ">
      <subfield code="u">http://www.dspace.bjastrasibiu.ro/bitstream/123456789/10153/1/BJA_CS_000146_CRV_0001-0214.pdf</subfield>
    </datafield>
    <datafield tag="995" ind1=" " ind2=" ">
      <subfield code="a">Colecţii Speciale - BRV</subfield>
      <subfield code="D">0.01</subfield>
      <subfield code="e">BRV146</subfield>
      <subfield code="F">Sediul_Central_A</subfield>
      <subfield code="j">849 BRV</subfield>
      <subfield code="U">Available</subfield>
      <subfield code="W">Dec 11, 2019</subfield>
      <subfield code="y">BRV146</subfield>
      <subfield code="Z">Împrumut la Sala</subfield>
    </datafield>
  </record>