
  <record>
    <leader>00000nam a2200000 a 4500</leader>
    <controlfield tag="001">BJSB448418</controlfield>
    <controlfield tag="008">191211s1818####|||||||||||||||||#||####u</controlfield>
    <datafield tag="050" ind1=" " ind2=" ">
      <subfield code="a">821.112.1(494)-13=135.1; 094.1(498)</subfield>
    </datafield>
    <datafield tag="100" ind1=" " ind2=" ">
      <subfield code="a">Gessner, Salomon</subfield>
    </datafield>
    <datafield tag="245" ind1="1" ind2="1">
      <subfield code="a">[Moartea lui Avel de cel cu învăpăiată dragoste spre procopsirea neamului românesc prea învăţatul şi marele postelnic Alexandru Beldiman acum întâiu tălmăcită din limba franţozească în cea românească]</subfield>
      <subfield code="c">Salamon Gessner ; trad. din limba franceză: Alexandru Beldiman</subfield>
      <subfield code="h">[Carte tipărită]</subfield>
    </datafield>
    <datafield tag="260" ind1=" " ind2=" ">
      <subfield code="a">Buda</subfield>
      <subfield code="b">Crăiasca Tipografie a Universitatei Ungariei</subfield>
      <subfield code="c">1818</subfield>
    </datafield>
    <datafield tag="300" ind1=" " ind2=" ">
      <subfield code="a">245 p., 1 filă nenumerotată ; 19 cm</subfield>
    </datafield>
    <datafield tag="500" ind1=" " ind2=" ">
      <subfield code="a">Greşeli de paginaţie: p. 216 e numerotată 126; p. 225 e numerotată 224. Legătura: din carton recent. Observaţii: exemplar incomplet, lipsesc primele 4 file nenumerotate, p. 1-10, 47-48, 159-160, 240-241, cele 4 gravuri; fila de tilu a fost preluată din Bibliografia Românescă Veche, vol.3, p. 222-223; coperta 3, ştampilă cu textul: Anticariat Bacău. Lei 200. Text în limba română cu caractere chirilice.</subfield>
    </datafield>
    <datafield tag="650" ind1=" " ind2=" ">
      <subfield code="a">literatură germană din Elveţia</subfield>
    </datafield>
    <datafield tag="650" ind1=" " ind2=" ">
      <subfield code="a">proză</subfield>
    </datafield>
    <datafield tag="650" ind1=" " ind2=" ">
      <subfield code="a">literatură</subfield>
    </datafield>
    <datafield tag="650" ind1=" " ind2=" ">
      <subfield code="a">carte veche românească</subfield>
    </datafield>
    <datafield tag="650" ind1=" " ind2=" ">
      <subfield code="a">poeme</subfield>
    </datafield>
    <datafield tag="650" ind1=" " ind2=" ">
      <subfield code="a">poeme epice</subfield>
    </datafield>
    <datafield tag="995" ind1=" " ind2=" ">
      <subfield code="a">Colecţii Speciale - BRV</subfield>
      <subfield code="D">0.01</subfield>
      <subfield code="e">BRV356</subfield>
      <subfield code="F">Sediul_Central_A</subfield>
      <subfield code="j">981 BRV</subfield>
      <subfield code="U">Available</subfield>
      <subfield code="W">Dec 11, 2019</subfield>
      <subfield code="y">BRV356</subfield>
      <subfield code="Z">Împrumut la Sala</subfield>
    </datafield>
  </record>