
  <record>
    <leader>00000nam a2200000 a 4500</leader>
    <controlfield tag="001">BJSB448402</controlfield>
    <controlfield tag="008">191211s1818####|||||||||||||||||#||####u</controlfield>
    <datafield tag="050" ind1=" " ind2=" ">
      <subfield code="a">821.133.1-3=135.1; 094.1(498)</subfield>
    </datafield>
    <datafield tag="100" ind1=" " ind2=" ">
      <subfield code="a">Fénelon, François</subfield>
    </datafield>
    <datafield tag="245" ind1="1" ind2="0">
      <subfield code="a">Întânplările lui Telemah fiului lui Ulise (Odisseus), întocmite de Fenelon arhiepiscopul Cambrei. Acum întâiu, de pre limba Italienească, pre limba Românească prefăcute de Petru Maior de Dicio–Sămărtin, Protopop, şi Crăiescu Revizor a Cărţilor</subfield>
      <subfield code="c">Fenelon ; trad din limba italiană: Petru Maior</subfield>
      <subfield code="h">[Carte tipărită]</subfield>
    </datafield>
    <datafield tag="260" ind1=" " ind2=" ">
      <subfield code="a">Buda</subfield>
      <subfield code="b">Crăiasca Tipografie a Universitatei din Pestu</subfield>
      <subfield code="c">1818-</subfield>
    </datafield>
    <datafield tag="300" ind1=" " ind2=" ">
      <subfield code="a">vol. ; 20 cm</subfield>
    </datafield>
    <datafield tag="650" ind1=" " ind2=" ">
      <subfield code="a">romane</subfield>
    </datafield>
    <datafield tag="650" ind1=" " ind2=" ">
      <subfield code="a">proză</subfield>
    </datafield>
    <datafield tag="650" ind1=" " ind2=" ">
      <subfield code="a">carte veche românească</subfield>
    </datafield>
    <datafield tag="650" ind1=" " ind2=" ">
      <subfield code="a">literatură franceză</subfield>
    </datafield>
    <datafield tag="650" ind1=" " ind2=" ">
      <subfield code="a">literatură</subfield>
    </datafield>
  </record>