
  <record>
    <leader>00000nam a2200000 a 4500</leader>
    <controlfield tag="001">BJSB448391</controlfield>
    <controlfield tag="008">191211s1819####|||||||||||||||||#||####u</controlfield>
    <datafield tag="050" ind1=" " ind2=" ">
      <subfield code="a">94(3):929; 821.14'02-94=135.1; 094.1(498)</subfield>
    </datafield>
    <datafield tag="100" ind1=" " ind2=" ">
      <subfield code="a">Plutarch</subfield>
    </datafield>
    <datafield tag="245" ind1="1" ind2="0">
      <subfield code="a">Plutarch Nou sau Pe Scurt Scrierea Vieţilor celor mai vestiţi bărbaţi şi mueri a toate neamurilor, din ceale mai vechi vremi pănă în vremile noastre în limba Franţozească de Petru Blanchard dată afară acum întîiu de un iubitoriu de neamul Românesc pre Românie tălmăcită, şi dată la lumină - Tomul I cu 26 chipuri</subfield>
      <subfield code="c">Plutarch ; trad. din limba franceză: Petru Blanchard</subfield>
      <subfield code="h">[Carte tipărită]</subfield>
    </datafield>
    <datafield tag="260" ind1=" " ind2=" ">
      <subfield code="a">Buda</subfield>
      <subfield code="b">Crăiasca Tipografie a Universitatei Ungariei</subfield>
      <subfield code="c">1819</subfield>
    </datafield>
    <datafield tag="300" ind1=" " ind2=" ">
      <subfield code="a">8 file nenumerotate ; 19 cm</subfield>
    </datafield>
    <datafield tag="500" ind1=" " ind2=" ">
      <subfield code="a">Legătura: din carton recent de culoare maronie. Observaţii: exemplar incomplet; ştampilă de formă dreptunghiulară cu textul: Biblioteca „Astrei” (Asociaţiunea pentru lit. rom. şi cultura poporului român). Centrala Sibiiu. Nr.  23832; este colligat cu ediţia anterioară a cărţii din anul 1817. Text în limba română cu litere chirilice.</subfield>
    </datafield>
    <datafield tag="650" ind1=" " ind2=" ">
      <subfield code="a">biografii</subfield>
    </datafield>
    <datafield tag="650" ind1=" " ind2=" ">
      <subfield code="a">biografii istorice</subfield>
    </datafield>
    <datafield tag="650" ind1=" " ind2=" ">
      <subfield code="a">biografiile oamenilor celebri</subfield>
    </datafield>
    <datafield tag="650" ind1=" " ind2=" ">
      <subfield code="a">carte veche românească</subfield>
    </datafield>
    <datafield tag="650" ind1=" " ind2=" ">
      <subfield code="a">istorie</subfield>
    </datafield>
    <datafield tag="650" ind1=" " ind2=" ">
      <subfield code="a">istorie antică</subfield>
    </datafield>
    <datafield tag="856" ind1=" " ind2=" ">
      <subfield code="u">http://www.dspace.bjastrasibiu.ro/bitstream/123456789/10332/1/BJA_CS_000157_CRV_0001-0022.pdf</subfield>
    </datafield>
    <datafield tag="995" ind1=" " ind2=" ">
      <subfield code="a">Colecţii Speciale - BRV</subfield>
      <subfield code="D">0.01</subfield>
      <subfield code="e">BRV157</subfield>
      <subfield code="F">Sediul_Central_A</subfield>
      <subfield code="j">1032 BRV</subfield>
      <subfield code="U">Available</subfield>
      <subfield code="W">Dec 11, 2019</subfield>
      <subfield code="y">BRV157</subfield>
      <subfield code="Z">Împrumut la Sala</subfield>
    </datafield>
  </record>