
  <record>
    <leader>00000nam a2200000 a 4500</leader>
    <controlfield tag="001">BJSB448379</controlfield>
    <controlfield tag="008">191210s1817####|||||||||||||||||#||####u</controlfield>
    <datafield tag="050" ind1=" " ind2=" ">
      <subfield code="a">94(3):929; 821.14'02-94=135.1; 094.1(498)</subfield>
    </datafield>
    <datafield tag="100" ind1=" " ind2=" ">
      <subfield code="a">Plutarch</subfield>
    </datafield>
    <datafield tag="245" ind1="1" ind2="0">
      <subfield code="a">Plutarch Nou sau Pe Scurt Scrierea Vieţilor celor mai vestiţi bărbaţi şi mueri a toate neamurilor, din ceale mai vechi vremi pănă în vremile noastre în limba Franţozească de Petru Blanchard dată afară acum întîiu de un iubitoriu de neamul Românesc pre Românie tălmăcită, şi dată la lumină - Tomul I cu 26 chipuri</subfield>
      <subfield code="c">Plutarch ; trad.: Petru Blanchard ; cu toată cheltuiala D. Nicola Nicolau sau tipărit</subfield>
      <subfield code="h">[Carte tipărită]</subfield>
    </datafield>
    <datafield tag="250" ind1=" " ind2=" ">
      <subfield code="a">Ed. 1</subfield>
    </datafield>
    <datafield tag="260" ind1=" " ind2=" ">
      <subfield code="a">Buda</subfield>
      <subfield code="b">Crăiasca Tipografie a Universitatei Ungariei</subfield>
      <subfield code="c">1817</subfield>
    </datafield>
    <datafield tag="300" ind1=" " ind2=" ">
      <subfield code="a">352 p. ; 19 cm</subfield>
    </datafield>
    <datafield tag="500" ind1=" " ind2=" ">
      <subfield code="a">Observaţii: este colligat cu ediţia din 1819; este exemplar unicat; spre deosebire de prima ediție, cea de-a doua, apărută în 1819, identificată la Biblioteca Națională Szechenyi Budapesta-Ungaria, prezintă patru planșe, conținând 24 de gravuri: planșa 1 - ”Homer, Licurg, Romulus, Pitagoras, Coriolan, Milțiades”; planșa 2 - ”Solon, Esop, Anacreon, Leonidas, Aristid, Temistoclit”; planșa 3 - Tucidit, Socrat, Periclit, Diogen, Fochion, Timon”; planșa 4 - ”Xenofon, Epaminondas, Filip, Alcibiad, Platon, Aristip”; deși potrivit foii de titlu, în carte ar fi trebuit să fie 26 de gravuri, am identificat doar 24 gravuri (posibil greșeală de tipar). Text în limba română cu caractere chirilice.</subfield>
    </datafield>
    <datafield tag="650" ind1=" " ind2=" ">
      <subfield code="a">biografii istorice</subfield>
    </datafield>
    <datafield tag="650" ind1=" " ind2=" ">
      <subfield code="a">biografiile oamenilor celebri</subfield>
    </datafield>
    <datafield tag="650" ind1=" " ind2=" ">
      <subfield code="a">istorie antică</subfield>
    </datafield>
    <datafield tag="650" ind1=" " ind2=" ">
      <subfield code="a">biografii</subfield>
    </datafield>
    <datafield tag="650" ind1=" " ind2=" ">
      <subfield code="a">istorie</subfield>
    </datafield>
    <datafield tag="650" ind1=" " ind2=" ">
      <subfield code="a">carte veche românească</subfield>
    </datafield>
    <datafield tag="856" ind1=" " ind2=" ">
      <subfield code="u">http://www.dspace.bjastrasibiu.ro/bitstream/123456789/10377/1/BJA_CS_000516_CRV_0001-0358.pdf</subfield>
    </datafield>
    <datafield tag="995" ind1=" " ind2=" ">
      <subfield code="a">Colecţii Speciale - BRV</subfield>
      <subfield code="D">0.01</subfield>
      <subfield code="e">BRV516</subfield>
      <subfield code="F">Sediul_Central_A</subfield>
      <subfield code="j">967 BRV</subfield>
      <subfield code="U">Available</subfield>
      <subfield code="W">Dec 10, 2019</subfield>
      <subfield code="y">BRV516</subfield>
      <subfield code="Z">Împrumut la Sala</subfield>
    </datafield>
  </record>