
  <record>
    <leader>00000nam a2200000 a 4500</leader>
    <controlfield tag="001">BJSB448376</controlfield>
    <controlfield tag="008">191210s1814####|||||||||||||||||#||####u</controlfield>
    <datafield tag="050" ind1=" " ind2=" ">
      <subfield code="a">094.1(498); 252.8</subfield>
    </datafield>
    <datafield tag="245" ind1="0" ind2="1">
      <subfield code="a">[Scara prea cuviosului părintelui nostru Ioann igumenului Sfintei Mânăstiri al Sinaiului. Care sau tălmăcit din limba elinească cu multă amărunţime şi cercare a mai multor izvoade, cu sholii a multor sfinţi părinţi la fieşte care cuvânt, prea folositoare de suflet, care fac nu puţine luminare şi descoperire a ori ce feliu de noimă grea şi întunecată, spre mai lesnicioasă înţelegere cetitorilor. Acum în zilele prea luminatului şi prea credinciosului domnului nostru Scarlat Alexandru Calimah Voevod...]</subfield>
      <subfield code="c">Editor Veniamin, Arhiepiscopul și Mitropolitul Moldovei</subfield>
      <subfield code="h">[Carte tipărită]</subfield>
    </datafield>
    <datafield tag="260" ind1=" " ind2=" ">
      <subfield code="a">Mânăstirea Neamț</subfield>
      <subfield code="b">[S.n.]</subfield>
      <subfield code="c">1814</subfield>
    </datafield>
    <datafield tag="300" ind1=" " ind2=" ">
      <subfield code="a">[15] f; 212 f. ; 33 cm</subfield>
    </datafield>
    <datafield tag="500" ind1=" " ind2=" ">
      <subfield code="a">Greşeli de paginaţie: fila 80 e numerotată 76; fila 105 e numerotată 106. Legătura: coperţi din lemn legate în piele de culoare maronie. Însemnări: fila 2: Biblioteca pictorului Const. D. Stahi.; Fila 2: [...] 1824; fila 3 v: Cumpărată de la ginerile reposatului preotului Ioan Puşkin la anul 1901 de pictorul Constantin D. Stahi (Iaşi); fila 1 numerotată: Această carte este [...]Stareţ Paisie.  Observaţii: exemplar incomplet, lipseşte foaia de titlu; titlul a fost preluat din Bibliografia Românească Veche, vol. III, p. 106-109.</subfield>
    </datafield>
    <datafield tag="650" ind1=" " ind2=" ">
      <subfield code="a">predici</subfield>
    </datafield>
    <datafield tag="650" ind1=" " ind2=" ">
      <subfield code="a">teologie ortodoxă</subfield>
    </datafield>
    <datafield tag="650" ind1=" " ind2=" ">
      <subfield code="a">carte românească veche</subfield>
    </datafield>
    <datafield tag="650" ind1=" " ind2=" ">
      <subfield code="a">teologie</subfield>
    </datafield>
    <datafield tag="995" ind1=" " ind2=" ">
      <subfield code="a">Colecţii Speciale - BRV</subfield>
      <subfield code="D">0.01</subfield>
      <subfield code="e">BRV482</subfield>
      <subfield code="F">Sediul_Central_A</subfield>
      <subfield code="j">857 BRV</subfield>
      <subfield code="U">Available</subfield>
      <subfield code="W">Dec 10, 2019</subfield>
      <subfield code="y">BRV482</subfield>
      <subfield code="Z">Împrumut la Sala</subfield>
    </datafield>
  </record>