
  <record>
    <leader>00000nam a2200000 a 4500</leader>
    <controlfield tag="001">BJSB448375</controlfield>
    <controlfield tag="008">191210s1814####|||||||||||||||||#||####u</controlfield>
    <datafield tag="050" ind1=" " ind2=" ">
      <subfield code="a">094.1(498); 655.572</subfield>
    </datafield>
    <datafield tag="245" ind1="0" ind2="0">
      <subfield code="a">Nuntium</subfield>
      <subfield code="h">[Carte tipărită]</subfield>
    </datafield>
    <datafield tag="260" ind1=" " ind2=" ">
      <subfield code="a">Buda</subfield>
      <subfield code="b">[S.n.]</subfield>
      <subfield code="c">1814</subfield>
    </datafield>
    <datafield tag="300" ind1=" " ind2=" ">
      <subfield code="a">[4] f. ; 20 cm</subfield>
    </datafield>
    <datafield tag="500" ind1=" " ind2=" ">
      <subfield code="a">Legătura: folie de protecţie. Observaţii: înştiinţarea dată în limba latină de Tipografia Universităţii din Buda pentru subscripţii la Lexiconul româno - latino - maghiaro - german al lui Samuil Clain, prelucrat de Vasile Colosi, cu o listă a colectorilor de subscripţii şi cu o filă de probe cuprinzând cuvintele A - Acaţiu; Bibliografia Românească Veche nu cunoaşte exemplar original; exemplar unic.</subfield>
    </datafield>
    <datafield tag="650" ind1=" " ind2=" ">
      <subfield code="a">carte românească veche</subfield>
    </datafield>
    <datafield tag="650" ind1=" " ind2=" ">
      <subfield code="a">prenumeranți</subfield>
    </datafield>
    <datafield tag="650" ind1=" " ind2=" ">
      <subfield code="a">metodă de publicare</subfield>
    </datafield>
    <datafield tag="995" ind1=" " ind2=" ">
      <subfield code="a">Colecţii Speciale - BRV</subfield>
      <subfield code="D">0.01</subfield>
      <subfield code="e">BRV151</subfield>
      <subfield code="F">Sediul_Central_A</subfield>
      <subfield code="j">859 BRV</subfield>
      <subfield code="U">Available</subfield>
      <subfield code="W">Dec 10, 2019</subfield>
      <subfield code="y">BRV151</subfield>
      <subfield code="Z">Împrumut la Sala</subfield>
    </datafield>
  </record>