
  <record>
    <leader>00000nam a2200000 a 4500</leader>
    <controlfield tag="001">BJSB448372</controlfield>
    <controlfield tag="008">191210s1814####|||||||||||||||||#||####u</controlfield>
    <datafield tag="050" ind1=" " ind2=" ">
      <subfield code="a">094.1(498); 821.135.1-342</subfield>
    </datafield>
    <datafield tag="100" ind1=" " ind2=" ">
      <subfield code="a">Țichindeal, Dimitrie</subfield>
    </datafield>
    <datafield tag="245" ind1="1" ind2="0">
      <subfield code="a">Filosoficeşti şi politiceşti, prin fabule moralnice învăţături acum întâia oară culese, şi întru acest chip pre limba românească întocmite de Dimitrie Țichindeal, parohul Becicherecului Mic, şi al shoalelor preparande româneşti din Aradul vechiu catehet. În Buda. Cu Tipariul Crăeştei Tipografii a Universitatei Ungureşti din Peşta 1814.</subfield>
      <subfield code="c">Dimitrie Țichindeal</subfield>
      <subfield code="h">[Carte tipărită]</subfield>
    </datafield>
    <datafield tag="250" ind1=" " ind2=" ">
      <subfield code="a">Ed. 1</subfield>
    </datafield>
    <datafield tag="260" ind1=" " ind2=" ">
      <subfield code="a">Buda</subfield>
      <subfield code="b">Crăiasca Tipografie a Universității Ungurești</subfield>
      <subfield code="c">1814</subfield>
    </datafield>
    <datafield tag="300" ind1=" " ind2=" ">
      <subfield code="a">[4] f.; 484 p. ; 18 cm</subfield>
    </datafield>
    <datafield tag="500" ind1=" " ind2=" ">
      <subfield code="a">Greşeli de paginaţie: p. 19 e numerotată 61; p. 80 e numerotată 90; p. 106 e numerotată 109; p. 136 e numerotată 139; p. 159 e numerotată 156; p. 203 e numerotată 205 (numărătoarea continuă greşit) (nemenţionate de Bibliografia Românească Veche). Legătura: carton recent de culoare albastră. Însemnări: coperta 3: fabule moraiiceşti. Observaţii: ştampilă ovală cu textul: Biblioteca Centrală a „Asociaţiunii” Sibiiu pe foaia de titlu, p. 1, p. 27, 77, 131, 183, 275, 295, 329, 347, 401; ştampilă de formă dreptunghiulară cu textul: Biblioteca „Astrei” (Asociaţiunea pentru lit. rom. şi cultura poporului român). Centrala Sibiu. Nr. pe foaia de titlu, fila 1 nenumerotată; ştampilă ovală cu textul: Biblioteca Asociat. Tranne. P. Cult. Şi Lit. Pop. Rom. pe coperta 2, foaia de titlu, p. 1, 484.</subfield>
    </datafield>
    <datafield tag="650" ind1=" " ind2=" ">
      <subfield code="a">literatură română</subfield>
    </datafield>
    <datafield tag="650" ind1=" " ind2=" ">
      <subfield code="a">fabule</subfield>
    </datafield>
    <datafield tag="650" ind1=" " ind2=" ">
      <subfield code="a">carte românească veche</subfield>
    </datafield>
    <datafield tag="856" ind1=" " ind2=" ">
      <subfield code="u">http://www.dspace.bjastrasibiu.ro/bitstream/123456789/10350/1/BJA_CS_000150_CRV_0001-0484.pdf</subfield>
    </datafield>
    <datafield tag="995" ind1=" " ind2=" ">
      <subfield code="a">Colecţii Speciale - BRV</subfield>
      <subfield code="D">0.01</subfield>
      <subfield code="e">BRV150</subfield>
      <subfield code="F">Sediul_Central_A</subfield>
      <subfield code="j">859 BRV</subfield>
      <subfield code="U">Available</subfield>
      <subfield code="W">Dec 10, 2019</subfield>
      <subfield code="y">BRV150</subfield>
      <subfield code="Z">Împrumut la Sala</subfield>
    </datafield>
  </record>