
  <record>
    <leader>00000nam a2200000 a 4500</leader>
    <controlfield tag="001">BJSB448374</controlfield>
    <controlfield tag="008">191210s1815####|||||||||||||||||#||####u</controlfield>
    <datafield tag="050" ind1=" " ind2=" ">
      <subfield code="a">222.11; 22.046; 094.1(498)</subfield>
    </datafield>
    <datafield tag="100" ind1=" " ind2=" ">
      <subfield code="a">Voulgaris, Eugenios, Arhiepiscop</subfield>
    </datafield>
    <datafield tag="245" ind1="1" ind2="0">
      <subfield code="a">Adoleshia Filotheos adecă Îndeletnicire Iubitoare de Dumnezeu adecă Din cetirea Cărţii celor cinci Sfinţite Scripturi ale lui Moisi, înţălegeri de suflet folositoare şi mântuitoare: alcătuită de Arhiepiscopul Evghenie Vulgariul şi acum pre limba Românească tălmăcită, şi tipărită de S. V. M. M. în zilele Prea Înălţatului Domn Scarlat Alexandru Calimah Voevod - Tomul Întâiu : întru care să cuprind înţelegerile cele din cetirea unia din cele cinci sfinţite cărţi, a Facerii.</subfield>
      <subfield code="c">Arhiepiscopul Evghenie Vulgariul</subfield>
      <subfield code="h">[Carte tipărită]</subfield>
    </datafield>
    <datafield tag="260" ind1=" " ind2=" ">
      <subfield code="a">Iași</subfield>
      <subfield code="b">Tipografia Sfintei Mitropolii</subfield>
      <subfield code="c">1815</subfield>
    </datafield>
    <datafield tag="300" ind1=" " ind2=" ">
      <subfield code="a">6 file nenumerotate, 221 p., 9 p. nenumerotate ; 23 cm</subfield>
    </datafield>
    <datafield tag="500" ind1=" " ind2=" ">
      <subfield code="a">Greşeli de paginaţie: p. 24 e numerotată 10; p. 48 e numerotată 38; p. 158 e numerotată 168 (nemenţionate în BRV). Legătura: coperţi din carton legate în piele de culoare maronie. Însemnări: coperta 2: Stimabili bidiţi costaci dupi cît ostineli me am dat pentru mata ca sîţ fii mili de mine si faci tote cipurile si vii la mine şi siiţ face [...] cu mine dupa cum ştii ci [...] ci simti forte obis de poţ vini [...]; fila 1 v: Această carte oam dat diaconului Vasilie casă; fila 2 v: mă pomenească Ripsimiu Gociu 1860 ghe. 3; p. 9: Zulnia Vasiliu. Vasiliu Zulnia; p. 17: încercări de condei; p. 203: Zulnea Vasiliu; V. Marin Neculae; Observaţii: exemplar incomplet, lipsesc două file nenumerotate de la începutul cărţii; este colligat cu volumele doi şi trei. Text în limba română cu caractere chirilice.</subfield>
    </datafield>
    <datafield tag="650" ind1=" " ind2=" ">
      <subfield code="a">carte veche românească</subfield>
    </datafield>
    <datafield tag="650" ind1=" " ind2=" ">
      <subfield code="a">Geneza</subfield>
    </datafield>
    <datafield tag="650" ind1=" " ind2=" ">
      <subfield code="a">Facerea</subfield>
    </datafield>
    <datafield tag="650" ind1=" " ind2=" ">
      <subfield code="a">Vechiul Testament</subfield>
    </datafield>
    <datafield tag="650" ind1=" " ind2=" ">
      <subfield code="a">Biblia</subfield>
    </datafield>
    <datafield tag="650" ind1=" " ind2=" ">
      <subfield code="a">teologie</subfield>
    </datafield>
    <datafield tag="856" ind1=" " ind2=" ">
      <subfield code="u">http://www.dspace.bjastrasibiu.ro/bitstream/123456789/10370/1/BJA_CS_000330_CRV_0001-0246.pdf</subfield>
    </datafield>
    <datafield tag="995" ind1=" " ind2=" ">
      <subfield code="a">Colecţii Speciale - BRV</subfield>
      <subfield code="D">0.01</subfield>
      <subfield code="e">BRV330</subfield>
      <subfield code="F">Sediul_Central_A</subfield>
      <subfield code="j">867 BRV</subfield>
      <subfield code="U">Available</subfield>
      <subfield code="W">Dec 10, 2019</subfield>
      <subfield code="y">BRV330</subfield>
      <subfield code="Z">Împrumut la Sala</subfield>
    </datafield>
  </record>