
  <record>
    <leader>00000nam a2200000 a 4500</leader>
    <controlfield tag="001">BJSB448370</controlfield>
    <controlfield tag="008">191210s1814####xx#||||||||||||||#||####u</controlfield>
    <datafield tag="050" ind1=" " ind2=" ">
      <subfield code="a">094.1(498); 94(398.2)</subfield>
    </datafield>
    <datafield tag="100" ind1=" " ind2=" ">
      <subfield code="a">Maior, Petru</subfield>
    </datafield>
    <datafield tag="245" ind1="1" ind2="0">
      <subfield code="a">Animadversiones in recensionem historiae de origine valachorum in Dacia e valachico in latinum conversae. Budae. Typis Regiae Universitatis Pestinensis. 1814.</subfield>
      <subfield code="c">Petru Maior</subfield>
      <subfield code="h">[Carte tipărită]</subfield>
    </datafield>
    <datafield tag="260" ind1=" " ind2=" ">
      <subfield code="c">1814</subfield>
    </datafield>
    <datafield tag="500" ind1=" " ind2=" ">
      <subfield code="a">Legătură: carton recent marmorat. Observaţii: este colligat cu tipăriturile: Petru Maior, Reflexiones, Pesta, 1815 şi Petru Maior, Contemplatio, Buda, 1816; ştampilă de formă dreptunghiulară cu textul: Biblioteca „Astrei” (Asociaţiunea pentru lit. rom. şi cultura poporului român). Centrala Sibiu Nr. 9907 pe foaia de titlu.</subfield>
    </datafield>
    <datafield tag="650" ind1=" " ind2=" ">
      <subfield code="a">istoria Daciei</subfield>
    </datafield>
    <datafield tag="650" ind1=" " ind2=" ">
      <subfield code="a">istorie</subfield>
    </datafield>
    <datafield tag="650" ind1=" " ind2=" ">
      <subfield code="a">carte românească veche</subfield>
    </datafield>
    <datafield tag="856" ind1=" " ind2=" ">
      <subfield code="u">http://www.dspace.bjastrasibiu.ro/bitstream/123456789/10413/1/BJA_CS_000147_CRV_0001-0041.pdf</subfield>
    </datafield>
    <datafield tag="995" ind1=" " ind2=" ">
      <subfield code="a">Colecţii Speciale - BRV</subfield>
      <subfield code="D">0.01</subfield>
      <subfield code="e">BRV147</subfield>
      <subfield code="F">Sediul_Central_A</subfield>
      <subfield code="j">854a BRV</subfield>
      <subfield code="U">Available</subfield>
      <subfield code="W">Dec 10, 2019</subfield>
      <subfield code="y">BRV147</subfield>
      <subfield code="Z">Împrumut la Sala</subfield>
    </datafield>
  </record>