
  <record>
    <leader>00000nam a2200000 a 4500</leader>
    <controlfield tag="001">BJSB448358</controlfield>
    <controlfield tag="008">191210s1814####|||||||||||||||||#||####u</controlfield>
    <datafield tag="050" ind1=" " ind2=" ">
      <subfield code="a">91(100); 094.1(498)</subfield>
    </datafield>
    <datafield tag="245" ind1="0" ind2="0">
      <subfield code="a">Gheografia sau Scrierea Pământului, întocmită după orânduiala cea mai noao, aşezată pentru 4 părţi ale pământului, adecă: Europa, Asia, Africa, America cu tot cuprinsul lor. Acum întâiu de un iubitoriu de neamul românesc pre românie tălmăcită, şi dată afară la lumină : Tomu I</subfield>
      <subfield code="c">Cu toată cheltuiala lui Nicola Nicolau din Brașov sau tipărit</subfield>
      <subfield code="h">[Carte tipărită]</subfield>
    </datafield>
    <datafield tag="260" ind1=" " ind2=" ">
      <subfield code="a">Buda</subfield>
      <subfield code="b">Crăiasca Tipografie a Universitatei Ungariei</subfield>
      <subfield code="c">1814</subfield>
    </datafield>
    <datafield tag="300" ind1=" " ind2=" ">
      <subfield code="a">8 file nenumerotate, 222 p. numerotate, 1 filă nenumerotată ; 20 cm</subfield>
    </datafield>
    <datafield tag="500" ind1=" " ind2=" ">
      <subfield code="a">Greşeli de paginaţie: p. 36 e numerotată 34; p. 43 e numerotată 41; p. 44 e numerotată 42; p. 47 e numerotată 45 (greşeli nemenţionate în Bibliografia Românească Veche). Legătura: copertă din carton recent marmorat; cotorul învelit în piele. Text tipărit în limba română cu caractere chirilice.</subfield>
    </datafield>
    <datafield tag="650" ind1=" " ind2=" ">
      <subfield code="a">geografie</subfield>
    </datafield>
    <datafield tag="650" ind1=" " ind2=" ">
      <subfield code="a">geografia lumii</subfield>
    </datafield>
    <datafield tag="650" ind1=" " ind2=" ">
      <subfield code="a">carte veche românească</subfield>
    </datafield>
    <datafield tag="856" ind1=" " ind2=" ">
      <subfield code="u">http://www.dspace.bjastrasibiu.ro/bitstream/123456789/10368/1/BJA_CS_000280_CRV_0001-0248.pdf</subfield>
    </datafield>
    <datafield tag="995" ind1=" " ind2=" ">
      <subfield code="a">Colecţii Speciale - BRV</subfield>
      <subfield code="D">0.01</subfield>
      <subfield code="e">BRV280</subfield>
      <subfield code="F">Sediul_Central_A</subfield>
      <subfield code="j">851 BRV</subfield>
      <subfield code="U">Available</subfield>
      <subfield code="W">Dec 10, 2019</subfield>
      <subfield code="y">BRV280</subfield>
      <subfield code="Z">Împrumut la Sala</subfield>
    </datafield>
  </record>