
  <record>
    <leader>00000nam a2200000 a 4500</leader>
    <controlfield tag="001">BJSB448356</controlfield>
    <controlfield tag="008">191210s1815####|||||||||||||||||#||####u</controlfield>
    <datafield tag="050" ind1=" " ind2=" ">
      <subfield code="a">094.1(498); 264-15</subfield>
    </datafield>
    <datafield tag="245" ind1="0" ind2="0">
      <subfield code="a">Catehismul cel Mare sau învăţătură creştinească cu întrebări, şi răspunsuri. Alcătuit, şi întocmit, şi acum a patra oară: cu blagoslovenia Exselentii sale Prea Luminatului, şi Prea o Sfinţitului domnului domn Ioann Bobb Vlădicul Făgăraşului, a Prea Înnălţatei Cesaro Crăeştii Mărimi Sfetnic din lăuntru, şi Ordului al 2 Leopold Comendator. În Blaj la Mitropolie. Cu tipariul Seminariului. 1815.</subfield>
      <subfield code="c">Editor Ioan Bob</subfield>
      <subfield code="h">[Carte tipărită]</subfield>
    </datafield>
    <datafield tag="250" ind1=" " ind2=" ">
      <subfield code="a">Ed. a 4-a</subfield>
    </datafield>
    <datafield tag="260" ind1=" " ind2=" ">
      <subfield code="a">Blaj</subfield>
      <subfield code="b">Tiparul Seminarului</subfield>
      <subfield code="c">1815</subfield>
    </datafield>
    <datafield tag="300" ind1=" " ind2=" ">
      <subfield code="a">p. 1-174, 177-240, 243-250; [3] f. ; 17 cm</subfield>
    </datafield>
    <datafield tag="500" ind1=" " ind2=" ">
      <subfield code="a">Legătura: carton recent marmorat deteriorat; cotorul învelit în piele de culoare maronie. Însemnări: fila 1 nenumerotată: Anna 1822; p. 170: Anventius Pap. Observaţii: exemplar incomplet, lipsesc p. 175-176, 241-242, 251 şi 3 file nenumerotate de la sfârşit; ştampilă de formă dreptunghiulară cu textul: Biblioteca „Astrei” (Asociaţiunea pentru lit. rom. şi cultura poporului român). Centrala Sibiu. Nr. pe p. 1.</subfield>
    </datafield>
    <datafield tag="650" ind1=" " ind2=" ">
      <subfield code="a">teologie</subfield>
    </datafield>
    <datafield tag="650" ind1=" " ind2=" ">
      <subfield code="a">carte românească veche</subfield>
    </datafield>
    <datafield tag="650" ind1=" " ind2=" ">
      <subfield code="a">cărţi liturgice</subfield>
    </datafield>
    <datafield tag="650" ind1=" " ind2=" ">
      <subfield code="a">teologie ortodoxă</subfield>
    </datafield>
    <datafield tag="856" ind1=" " ind2=" ">
      <subfield code="u">http://www.dspace.bjastrasibiu.ro/bitstream/123456789/10154/1/BJA_CS_000152_CRV_0001-0254.pdf</subfield>
    </datafield>
    <datafield tag="995" ind1=" " ind2=" ">
      <subfield code="a">Colecţii Speciale - BRV</subfield>
      <subfield code="D">0.01</subfield>
      <subfield code="e">BRV152</subfield>
      <subfield code="F">Sediul_Central_A</subfield>
      <subfield code="j">871 BRV</subfield>
      <subfield code="U">Available</subfield>
      <subfield code="W">Dec 10, 2019</subfield>
      <subfield code="y">BRV152</subfield>
      <subfield code="Z">Împrumut la Sala</subfield>
    </datafield>
  </record>