
  <record>
    <leader>00000nam a2200000 a 4500</leader>
    <controlfield tag="001">BJSB448355</controlfield>
    <controlfield tag="008">191210s1814####|||||||||||||||||#||####u</controlfield>
    <datafield tag="050" ind1=" " ind2=" ">
      <subfield code="a">91(100); 094.1(498)</subfield>
    </datafield>
    <datafield tag="245" ind1="0" ind2="0">
      <subfield code="a">Gheografia sau Scrierea Pământului, întocmită după orânduiala cea mai noao, aşezată pentru 4 părţi ale pământului, adecă: Europa, Asia, Africa, America cu tot cuprinsul lor. Acum întâiu de un iubitoriu de neamul românesc pre românie tălmăcită, şi dată afară la lumină</subfield>
      <subfield code="h">[Carte tipărită]</subfield>
    </datafield>
    <datafield tag="260" ind1=" " ind2=" ">
      <subfield code="a">Buda</subfield>
      <subfield code="b">Crăiasca Tipografie a Universitatei Ungariei</subfield>
      <subfield code="c">1814-</subfield>
    </datafield>
    <datafield tag="300" ind1=" " ind2=" ">
      <subfield code="a">4 vol.</subfield>
    </datafield>
    <datafield tag="650" ind1=" " ind2=" ">
      <subfield code="a">geografie</subfield>
    </datafield>
    <datafield tag="650" ind1=" " ind2=" ">
      <subfield code="a">geografia lumii</subfield>
    </datafield>
    <datafield tag="650" ind1=" " ind2=" ">
      <subfield code="a">carte veche românească</subfield>
    </datafield>
  </record>