
  <record>
    <leader>00000nam a2200000 a 4500</leader>
    <controlfield tag="001">BJSB448340</controlfield>
    <controlfield tag="008">191210s1816####|||||||||||||||||#||####u</controlfield>
    <datafield tag="050" ind1=" " ind2=" ">
      <subfield code="a">094.1(498); 821.14'02-342=135.1</subfield>
    </datafield>
    <datafield tag="245" ind1="0" ind2="0">
      <subfield code="a">[Viaţa şi pildele prea înţeleptului Esop. Sibiu, în Tipografia lui Ioann Bart. 1816.]</subfield>
      <subfield code="h">[Carte tipărită]</subfield>
    </datafield>
    <datafield tag="260" ind1=" " ind2=" ">
      <subfield code="a">Sibiu</subfield>
      <subfield code="b">Tipografia Ioan Bart</subfield>
      <subfield code="c">1816</subfield>
    </datafield>
    <datafield tag="300" ind1=" " ind2=" ">
      <subfield code="a">p. 17-128 ; 17 cm</subfield>
    </datafield>
    <datafield tag="500" ind1=" " ind2=" ">
      <subfield code="a">Legătura: carton învelit în piele, parţial deteriorat. Însemnări: coperta 1, anexat un fragment de hârtie cu textul: Dar din Sofronie Liuba învăţătoriu în Maidan; p. 58: Stefana [...]; fila de gardă de la sfârşitul cărţii: Scrisam întru aceasta carte eu Darul [...] întăriova învăţătoriu în luna lui iuniu 29 ano 826; fila de gardă de la sfârşitul cărţii: Sofronie [...]. Observaţii: exemplar incomplet, lipsesc p. 1-16, 129-132; foaia de titlu a fost reprodusă din Bibliografia Românească Veche, vol. IV, p. 161-162; ştampilă ovală cu textul: Biblioteca Centrală a „Asociaţiunii” Sibiiu pe p. 17, 43; ştampilă de formă dreptunghiulară cu textul: Biblioteca „Astrei” (Asociaţiunea pentru lit. rom. şi cultura poporului român). Centrala Sibiu Nr. pe coperta 2, p. 17.</subfield>
    </datafield>
    <datafield tag="650" ind1=" " ind2=" ">
      <subfield code="a">fabule</subfield>
    </datafield>
    <datafield tag="650" ind1=" " ind2=" ">
      <subfield code="a">pilde</subfield>
    </datafield>
    <datafield tag="650" ind1=" " ind2=" ">
      <subfield code="a">literatură greacă clasică</subfield>
    </datafield>
    <datafield tag="650" ind1=" " ind2=" ">
      <subfield code="a">carte românească veche</subfield>
    </datafield>
    <datafield tag="995" ind1=" " ind2=" ">
      <subfield code="a">Colecţii Speciale - BRV</subfield>
      <subfield code="D">0.01</subfield>
      <subfield code="e">BRV156</subfield>
      <subfield code="F">Sediul_Central_A</subfield>
      <subfield code="j">924 BRV</subfield>
      <subfield code="U">Available</subfield>
      <subfield code="W">Dec 10, 2019</subfield>
      <subfield code="y">BRV156</subfield>
      <subfield code="Z">Împrumut la Sala</subfield>
    </datafield>
  </record>