
  <record>
    <leader>00000nam a2200000 a 4500</leader>
    <controlfield tag="001">BJSB448334</controlfield>
    <controlfield tag="008">191210s1816####|||||||||||||||||#||####u</controlfield>
    <datafield tag="050" ind1=" " ind2=" ">
      <subfield code="a">094.1(498); 235.3:929</subfield>
    </datafield>
    <datafield tag="245" ind1="0" ind2="0">
      <subfield code="a">Viaţa Sfântului Vasilie cel Nou şi înfricoşatele vămi ale văzduhului, şi dreapta judecată, pre care leau văzut Grigorie, prin rugăciunile Sfântului Vasilie cel Nou. Care sau scris pre limba elinească de acelaşi Grigorie iară acum în zilele Prea Luminatului Domn. Io Ioann Gheorghie Caragea Voevod. Tălmăcindusă pre limba rumânească, sau dat în tipariu cu blagoslovenia Prea Sfinţii sale iubitoriului de Dumnezeu. Chir Galaction Episcop Râm....</subfield>
      <subfield code="c">Trad. Galaction, Episcopul Râmnicului; editor Elena Darvari</subfield>
      <subfield code="h">[Carte tipărită]</subfield>
    </datafield>
    <datafield tag="260" ind1=" " ind2=" ">
      <subfield code="a">Râmnic</subfield>
      <subfield code="b">Tipografia Râmnicului</subfield>
      <subfield code="c">1816</subfield>
    </datafield>
    <datafield tag="300" ind1=" " ind2=" ">
      <subfield code="a">[2] f.; 66 p. ; 21 cm</subfield>
    </datafield>
    <datafield tag="500" ind1=" " ind2=" ">
      <subfield code="a">Legătura: carton recent marmorat, parţial deteriorat; cotorul învelit în piele de culoare maronie. Însemnări: fila de gardă de la sfârşit însemnări ilizibile; apar anii 1822, 1823, 1849; coperta 3 o serie de socoteli. Observaţii: coperta 3: ştampilă dreptunghiulară cu textul: Anticariat Nr. 1 Lei 700.</subfield>
    </datafield>
    <datafield tag="650" ind1=" " ind2=" ">
      <subfield code="a">carte românească veche</subfield>
    </datafield>
    <datafield tag="650" ind1=" " ind2=" ">
      <subfield code="a">teologie ortodoxă</subfield>
    </datafield>
    <datafield tag="650" ind1=" " ind2=" ">
      <subfield code="a">teologie</subfield>
    </datafield>
    <datafield tag="650" ind1=" " ind2=" ">
      <subfield code="a">vieţile sfinţilor</subfield>
    </datafield>
    <datafield tag="995" ind1=" " ind2=" ">
      <subfield code="a">Colecţii Speciale - BRV</subfield>
      <subfield code="D">0.01</subfield>
      <subfield code="e">BRV422</subfield>
      <subfield code="F">Sediul_Central_A</subfield>
      <subfield code="j">925 BRV</subfield>
      <subfield code="U">Available</subfield>
      <subfield code="W">Dec 10, 2019</subfield>
      <subfield code="y">BRV422</subfield>
      <subfield code="Z">Împrumut la Sala</subfield>
    </datafield>
  </record>