
  <record>
    <leader>00000nam a2200000 a 4500</leader>
    <controlfield tag="001">BJSB448310</controlfield>
    <controlfield tag="008">191210s1811####|||||||||||||||||#||####u</controlfield>
    <datafield tag="050" ind1=" " ind2=" ">
      <subfield code="a">252.8; 094.1(498)</subfield>
    </datafield>
    <datafield tag="100" ind1=" " ind2=" ">
      <subfield code="a">Maior, Petru</subfield>
    </datafield>
    <datafield tag="245" ind1="1" ind2="0">
      <subfield code="a">Prediche sau învăţături la toate duminecile şi sărbătorile anului culease de Petru Maior de Dicio Sân-Mărtin paroh Sas-Reghinului, şi protopop Gurghiului în Ardeal, precum şi la Înălţatul Crăiescul Locumtenenţiale Consilium al Ungariei crăesc cărţilor revizor - Partea a II-a : care cuprinde predicele de la Dumineca a doao săptămână după Rusalii, pănă la Dumineca a 32-a după Rusalii</subfield>
      <subfield code="c">Petru Maior</subfield>
      <subfield code="h">[Carte tipărită]</subfield>
    </datafield>
    <datafield tag="260" ind1=" " ind2=" ">
      <subfield code="a">Buda</subfield>
      <subfield code="b">Crăiasca Tipografie a Universității Ungurești</subfield>
      <subfield code="c">1811</subfield>
    </datafield>
    <datafield tag="300" ind1=" " ind2=" ">
      <subfield code="a">296 p. ; 23 cm</subfield>
    </datafield>
    <datafield tag="500" ind1=" " ind2=" ">
      <subfield code="a">Legătura: copertă din carton recent, legată în pânză de culoare maronie; pe cotor, legat în piele apare numele autorului şi titlul cărţii. Însemnări: foaia de titlu: 230/897. Observaţii: ştampilă de formă dreptunghiulară cu textul: Biblioteca „Astrei” (Asociaţiunea pentru lit. rom. şi cultura poporului român). Centrala Sibiu Nr. 86, pe foaia de gardă de la începutul cărţii, foaia de titlu, p. 3; ştampilă ovală cu textul: Biblioteca Centrală a Asociaţiunii Sibiiu pe foaia de titlu, p. 51, 129, 211; ştampilă ovală cu textul: Biblioteca Asociat. Tranne. P. Cult. Şi Lit. Pop. Rom. pe foaia de titlu. Text în limba română cu caractere chirilice.</subfield>
    </datafield>
    <datafield tag="650" ind1=" " ind2=" ">
      <subfield code="a">sărbători religioase</subfield>
    </datafield>
    <datafield tag="650" ind1=" " ind2=" ">
      <subfield code="a">sărbători creștine</subfield>
    </datafield>
    <datafield tag="650" ind1=" " ind2=" ">
      <subfield code="a">teologie creştină</subfield>
    </datafield>
    <datafield tag="650" ind1=" " ind2=" ">
      <subfield code="a">predici</subfield>
    </datafield>
    <datafield tag="650" ind1=" " ind2=" ">
      <subfield code="a">teologie</subfield>
    </datafield>
    <datafield tag="650" ind1=" " ind2=" ">
      <subfield code="a">carte veche românească</subfield>
    </datafield>
    <datafield tag="856" ind1=" " ind2=" ">
      <subfield code="u">http://www.dspace.bjastrasibiu.ro/bitstream/123456789/10147/1/BJA_CS_000127_CRV_0001-0304.pdf</subfield>
    </datafield>
    <datafield tag="995" ind1=" " ind2=" ">
      <subfield code="a">Colecţii Speciale - BRV</subfield>
      <subfield code="D">0.01</subfield>
      <subfield code="e">BRV127</subfield>
      <subfield code="F">Sediul_Central_A</subfield>
      <subfield code="j">779 BRV</subfield>
      <subfield code="U">Available</subfield>
      <subfield code="W">Dec 10, 2019</subfield>
      <subfield code="y">BRV127</subfield>
      <subfield code="Z">Împrumut la Sala</subfield>
    </datafield>
  </record>