
  <record>
    <leader>00000nam a2200000 a 4500</leader>
    <controlfield tag="001">BJSB448308</controlfield>
    <controlfield tag="008">191210s1826####|||||||||||||||||#||####u</controlfield>
    <datafield tag="050" ind1=" " ind2=" ">
      <subfield code="a">094.1(498); 655.572; 655.535.2</subfield>
    </datafield>
    <datafield tag="100" ind1=" " ind2=" ">
      <subfield code="a">Diaconovici Loga, Constantin</subfield>
    </datafield>
    <datafield tag="245" ind1="1" ind2="0">
      <subfield code="a">Smintele tipariului care intrat întru această carte şi vin a se îndrepta. Arătarea cărţilor...</subfield>
      <subfield code="c">Constantin Diaconovici Loga</subfield>
      <subfield code="h">[Carte tipărită]</subfield>
    </datafield>
    <datafield tag="260" ind1=" " ind2=" ">
      <subfield code="a">Buda</subfield>
      <subfield code="b">[S.n.]</subfield>
      <subfield code="c">1826</subfield>
    </datafield>
    <datafield tag="300" ind1=" " ind2=" ">
      <subfield code="a">[1] f.; 23 cm</subfield>
    </datafield>
    <datafield tag="500" ind1=" " ind2=" ">
      <subfield code="a">Legătura: folie de protecţie. Observaţii: conţine erata pentru Octoihul şi Tipiconul tipărite la Buda în anul 1826, urmată de un apel adresat celor care ar fi putut sprijini financiar tipărirea a şase cărţi româneşti; este exemplar unicat național, un altul fiind depistat la Biblioteca Națională Szechenyi Budapesta.</subfield>
    </datafield>
    <datafield tag="650" ind1=" " ind2=" ">
      <subfield code="a">prenumeranți</subfield>
    </datafield>
    <datafield tag="650" ind1=" " ind2=" ">
      <subfield code="a">carte românească veche</subfield>
    </datafield>
    <datafield tag="650" ind1=" " ind2=" ">
      <subfield code="a">foi de erată</subfield>
    </datafield>
    <datafield tag="650" ind1=" " ind2=" ">
      <subfield code="a">metodă de publicare</subfield>
    </datafield>
    <datafield tag="995" ind1=" " ind2=" ">
      <subfield code="a">Colecţii Speciale - BRV</subfield>
      <subfield code="D">0.01</subfield>
      <subfield code="e">BRV296A</subfield>
      <subfield code="F">Sediul_Central_A</subfield>
      <subfield code="j">1284a BRV</subfield>
      <subfield code="U">Available</subfield>
      <subfield code="W">Dec 10, 2019</subfield>
      <subfield code="y">BRV296A</subfield>
      <subfield code="Z">Împrumut la Sala</subfield>
    </datafield>
  </record>