
  <record>
    <leader>00000nam a2200000 a 4500</leader>
    <controlfield tag="001">BJSB448307</controlfield>
    <controlfield tag="008">191210s1818####|||||||||||||||||#||####u</controlfield>
    <datafield tag="050" ind1=" " ind2=" ">
      <subfield code="a">094.1(498); 332.2</subfield>
    </datafield>
    <datafield tag="245" ind1="0" ind2="0">
      <subfield code="a">Milostiva inştrucţie pentru magistratualiştii, carii regulaţia urbarialicească o vor duce în săvârşire (execuţie).</subfield>
      <subfield code="h">[Carte tipărită]</subfield>
    </datafield>
    <datafield tag="260" ind1=" " ind2=" ">
      <subfield code="a">Buda</subfield>
      <subfield code="b">[S.n.]</subfield>
      <subfield code="c">1818</subfield>
    </datafield>
    <datafield tag="300" ind1=" " ind2=" ">
      <subfield code="a">[28] f. ; 35 cm</subfield>
    </datafield>
    <datafield tag="500" ind1=" " ind2=" ">
      <subfield code="a">Legătura: folie de protecţie. Însemnări: fila 1: Donată la asociaţiunea pentru limba şi cultura poporului romanu prin Iul. de Bardosi. Iuliu de Bardosi. Juris auditor (?). N. 813 biblioteca asoc. tranne; fila 6: Iul. D. de Bardosi [...]; fila 14: Iul. de Bardosiu [...] 1861; fila 22: de Bardosi [...] in anulu 3 le 861. Observaţii: exemplar necunoscut Bibliografiei Românești Vechi, unicat; Daniela Poenaru reproduce foaia de titlu dar nu redă cuprinsul cărţii (Daniela Poenaru, Contribuții la Bibliografia Românească Veche, 1973, p. 123).</subfield>
    </datafield>
    <datafield tag="650" ind1=" " ind2=" ">
      <subfield code="a">economia fondului funciar</subfield>
    </datafield>
    <datafield tag="650" ind1=" " ind2=" ">
      <subfield code="a">economie</subfield>
    </datafield>
    <datafield tag="650" ind1=" " ind2=" ">
      <subfield code="a">economie agrară</subfield>
    </datafield>
    <datafield tag="650" ind1=" " ind2=" ">
      <subfield code="a">carte românească veche</subfield>
    </datafield>
    <datafield tag="995" ind1=" " ind2=" ">
      <subfield code="a">Colecţii Speciale - BRV</subfield>
      <subfield code="D">0.01</subfield>
      <subfield code="e">BRV164</subfield>
      <subfield code="F">Sediul_Central_A</subfield>
      <subfield code="j">1025b BRV</subfield>
      <subfield code="U">Available</subfield>
      <subfield code="W">Dec 10, 2019</subfield>
      <subfield code="y">BRV164</subfield>
      <subfield code="Z">Împrumut la Sala</subfield>
    </datafield>
  </record>