
  <record>
    <leader>00000nam a2200000 a 4500</leader>
    <controlfield tag="001">BJSB448285</controlfield>
    <controlfield tag="008">191210s1823####|||||||||||||||||#||####u</controlfield>
    <datafield tag="050" ind1=" " ind2=" ">
      <subfield code="a">094.1(498); 340.134</subfield>
    </datafield>
    <datafield tag="245" ind1="0" ind2="0">
      <subfield code="a">Cele ce nau fost desluşite intru această pravilă asupra clăcaşilor de pre moşii. Și acum la leat 1823 ianuarie 24 sau hotărât şi sau publicarisit cum să se urmeze, precum în trei capete la vale să arată.</subfield>
      <subfield code="h">[Carte tipărită]</subfield>
    </datafield>
    <datafield tag="260" ind1=" " ind2=" ">
      <subfield code="a">București</subfield>
      <subfield code="b">[S.n.]</subfield>
      <subfield code="c">1823</subfield>
    </datafield>
    <datafield tag="300" ind1=" " ind2=" ">
      <subfield code="a">[1] f. ; 34 cm</subfield>
    </datafield>
    <datafield tag="500" ind1=" " ind2=" ">
      <subfield code="a">Observaţii: este colligat cu Legiuirea lui Caragea, Bucureşti, 1818.</subfield>
    </datafield>
    <datafield tag="650" ind1=" " ind2=" ">
      <subfield code="a">carte românească veche</subfield>
    </datafield>
    <datafield tag="650" ind1=" " ind2=" ">
      <subfield code="a">legislaţie</subfield>
    </datafield>
    <datafield tag="995" ind1=" " ind2=" ">
      <subfield code="a">Colecţii Speciale - BRV</subfield>
      <subfield code="D">0.01</subfield>
      <subfield code="e">BRV515</subfield>
      <subfield code="F">Sediul_Central_A</subfield>
      <subfield code="j">1197 BRV</subfield>
      <subfield code="U">Available</subfield>
      <subfield code="W">Dec 10, 2019</subfield>
      <subfield code="y">BRV515</subfield>
      <subfield code="Z">Împrumut la Sala</subfield>
    </datafield>
  </record>