
  <record>
    <leader>00000nam a2200000 a 4500</leader>
    <controlfield tag="001">BJSB448284</controlfield>
    <controlfield tag="008">191210s1818####|||||||||||||||||#||####u</controlfield>
    <datafield tag="050" ind1=" " ind2=" ">
      <subfield code="a">094.1(498); 340.134</subfield>
    </datafield>
    <datafield tag="245" ind1="0" ind2="0">
      <subfield code="a">Legiuire a prea înălţatului şi prea pravoslavnicului domn, şi oblăduitoriu a toată Ungrovlahia Io Ioan Gheorghie Caragea VV. Cu toată cheltuiala dumnealor Constandin Caracaş, dohtor, şi dumnealui Răducanul Cliceanul biv vel stolnic, şi dumnealui Dumitrache Topliceanul, biv vel sluger, tipărită în Privilegiata Tipografie a dumnealor ot Cişmeaua răposatului întru fericire Domn Mavrogheni din Bucureşti. 1818.</subfield>
      <subfield code="c">Editori Constandin Caracaș, Raducanul Clinceanul, Dumitrache Topliceanul</subfield>
      <subfield code="h">[Carte tipărită]</subfield>
    </datafield>
    <datafield tag="260" ind1=" " ind2=" ">
      <subfield code="a">București</subfield>
      <subfield code="b">Tipografia de la Cișmea a lui Mavroghenie</subfield>
      <subfield code="c">1818</subfield>
    </datafield>
    <datafield tag="300" ind1=" " ind2=" ">
      <subfield code="a">[2] f.; 104 p.; [2] f. ; 34 cm</subfield>
    </datafield>
    <datafield tag="500" ind1=" " ind2=" ">
      <subfield code="a">Legătura: carton recent de culoare maronie; cotor învelit în piele. Observaţii: între p. 68 - 69 un tabel înfăţişând arborele rudenilor; ştampilă dreptunghiulară cu textul: Biblioteca Centrală Sibiu pe foaia de titlu și pe p. 101; este colligat cu tipăritura Instrucţiuni la Pravilă, Bucureşti, 1823; provenienţă: Fondul Astra.</subfield>
    </datafield>
    <datafield tag="650" ind1=" " ind2=" ">
      <subfield code="a">carte românească veche</subfield>
    </datafield>
    <datafield tag="650" ind1=" " ind2=" ">
      <subfield code="a">legislaţie</subfield>
    </datafield>
    <datafield tag="995" ind1=" " ind2=" ">
      <subfield code="a">Colecţii Speciale - BRV</subfield>
      <subfield code="D">0.01</subfield>
      <subfield code="e">BRV395</subfield>
      <subfield code="F">Sediul_Central_A</subfield>
      <subfield code="j">983 BRV</subfield>
      <subfield code="U">Available</subfield>
      <subfield code="W">Dec 10, 2019</subfield>
      <subfield code="y">BRV395</subfield>
      <subfield code="Z">Împrumut la Sala</subfield>
    </datafield>
  </record>