
  <record>
    <leader>00000nam a2200000 a 4500</leader>
    <controlfield tag="001">BJSB448275</controlfield>
    <controlfield tag="008">191210s1818####|||||||||||||||||#||####u</controlfield>
    <datafield tag="050" ind1=" " ind2=" ">
      <subfield code="a">094.1(498); 264-15</subfield>
    </datafield>
    <datafield tag="245" ind1="0" ind2="0">
      <subfield code="a">Catavasiariu grecesc şi românesc pentru sfintele besereci ale răsăritului de legea grecească ne unită precum şi cinstitele paraclisuri a Sfintei de Dumnezeu Născătoarei, a Sfintului Marelui Mucenic Gheorghie, şi a sfinţilor înpăraţi şi întocma cu Apostolii Constantin şi Elena acum întâia oară dat la tipariu prin Zaharia Carcalechi. La Buda. În Crăiasca Tipografie a Universitatei Ungariei. 1818.</subfield>
      <subfield code="c">Editor Zaharia Carcalechi</subfield>
      <subfield code="h">[Carte tipărită]</subfield>
    </datafield>
    <datafield tag="250" ind1=" " ind2=" ">
      <subfield code="a">Ed. 1</subfield>
    </datafield>
    <datafield tag="260" ind1=" " ind2=" ">
      <subfield code="a">Buda</subfield>
      <subfield code="b">Crăiasca Tipografie a Universității Ungurești</subfield>
      <subfield code="c">1818</subfield>
    </datafield>
    <datafield tag="300" ind1=" " ind2=" ">
      <subfield code="a">[4] f.; 311 p. ; 18 cm</subfield>
    </datafield>
    <datafield tag="500" ind1=" " ind2=" ">
      <subfield code="a">Greşeli de paginaţie: p. 155 e numerotată 161, p. 257 e numerotată 572. Legătura: carton original legat în piele. Însemnări: coperta 2: Această carte iaste alui Blajovici Nicolae învăţătoriu în oraşele [...] ianuarie în 14 1847; Eg za Könyo Papp Jeventz N. Varadi uj Varosi Lahosc Irtam 22 de Mai 823; Eg za Könyo Blacsovits Miklos N Varadi Porj egyesito kantor es Ianito Iamarius 26 1847; Cartea aceasta o slugătoresc la domnu Firu 1903; fila de gardă de la sfârşitul cărţii: Szilaggi Maria [...] meg hatt Maju 29 1854 - eoben; Blazsovits Miklos meg holt Majus 20 die 1856; Amegholt Szilaggi harijat Irta fel Blazsovits Niklos; coperta 2: o serie de socoteli.</subfield>
    </datafield>
    <datafield tag="650" ind1=" " ind2=" ">
      <subfield code="a">teologie ortodoxă</subfield>
    </datafield>
    <datafield tag="650" ind1=" " ind2=" ">
      <subfield code="a">cărţi liturgice</subfield>
    </datafield>
    <datafield tag="650" ind1=" " ind2=" ">
      <subfield code="a">carte românească veche</subfield>
    </datafield>
    <datafield tag="650" ind1=" " ind2=" ">
      <subfield code="a">teologie</subfield>
    </datafield>
    <datafield tag="995" ind1=" " ind2=" ">
      <subfield code="a">Colecţii Speciale - BRV</subfield>
      <subfield code="D">0.01</subfield>
      <subfield code="e">BRV158</subfield>
      <subfield code="F">Sediul_Central_A</subfield>
      <subfield code="j">975 BRV</subfield>
      <subfield code="U">Available</subfield>
      <subfield code="W">Dec 10, 2019</subfield>
      <subfield code="y">BRV158</subfield>
      <subfield code="Z">Împrumut la Sala</subfield>
    </datafield>
  </record>