
  <record>
    <leader>00000nam a2200000 a 4500</leader>
    <controlfield tag="001">BJSB448248</controlfield>
    <controlfield tag="008">191210s1819####|||||||||||||||||#||####u</controlfield>
    <datafield tag="050" ind1=" " ind2=" ">
      <subfield code="a">094.1(498); 37.001</subfield>
    </datafield>
    <datafield tag="100" ind1=" " ind2=" ">
      <subfield code="a">Csokotis, Vasilie Gergely de</subfield>
    </datafield>
    <datafield tag="245" ind1="1" ind2="0">
      <subfield code="a">Omu de lume séu sontice regule cuvientiei, gratiei, mai alesului modu a vietiei, şi a adeverateloru blândetie spre intribuintiarea tenerimei romanesci acum antéa pe limba daco - romana tradusu si adausu de Vasilie Gergely de Csokotis, theologu absolutu din diecesul' Muncaciului in convinctul' impératescu din Vienna. Cu spesele domnului Georgie Const. Darvar. În Vienna, 1819. În Tipografia lui Dimitrie Davidovics.</subfield>
      <subfield code="c">Vasilie Gergely de Csokotis; editor George Constantin Darvar</subfield>
      <subfield code="h">[Carte tipărită]</subfield>
    </datafield>
    <datafield tag="250" ind1=" " ind2=" ">
      <subfield code="a">Ed. 1</subfield>
    </datafield>
    <datafield tag="260" ind1=" " ind2=" ">
      <subfield code="a">Viena</subfield>
      <subfield code="c">1819</subfield>
    </datafield>
    <datafield tag="300" ind1=" " ind2=" ">
      <subfield code="a">XVI p.; 149 p.; [2] p. ; 20 cm</subfield>
    </datafield>
    <datafield tag="500" ind1=" " ind2=" ">
      <subfield code="a">Legătura: peste legătura originală a fost lipit carton; cotorul cărţii deteriorat. Însemnări: coperta 2: Moise Sova noaiului; foaia de titlu: M. Noaiului; p. 69: Vorbesce si [...]; p. 74: acum da; p. 91: Rebreanu diec Gherlei 1885; p. 113: 887; 1885 18/10; p. 149: ba unu dracu!; cand am [...]; fila de gardă de la sfârşitul cărţii: 1858. Observaţii: coperta 2: ştampilă cu textul: Biblioteca Teologilor Români din Budapesta [...] 510; pe foaia de titlu: 3 ştampile cu textul: Biblioteca Budapesta Teol. Rom; foaia de titlu: ştampilă ilizibilă, se mai poate descifra cuvântul Viena; provine din Fondul Astrei.</subfield>
    </datafield>
    <datafield tag="650" ind1=" " ind2=" ">
      <subfield code="a">noțiuni fundamentale ale educației</subfield>
    </datafield>
    <datafield tag="650" ind1=" " ind2=" ">
      <subfield code="a">educație</subfield>
    </datafield>
    <datafield tag="650" ind1=" " ind2=" ">
      <subfield code="a">carte românească veche</subfield>
    </datafield>
    <datafield tag="856" ind1=" " ind2=" ">
      <subfield code="u">http://www.dspace.bjastrasibiu.ro/bitstream/123456789/10361/1/BJA_CS_000520_CRV_0001-0174.pdf</subfield>
    </datafield>
    <datafield tag="995" ind1=" " ind2=" ">
      <subfield code="a">Colecţii Speciale - BRV</subfield>
      <subfield code="D">0.01</subfield>
      <subfield code="e">BRV520</subfield>
      <subfield code="F">Sediul_Central_A</subfield>
      <subfield code="j">1043 BRV</subfield>
      <subfield code="U">Available</subfield>
      <subfield code="W">Dec 10, 2019</subfield>
      <subfield code="y">BRV520</subfield>
      <subfield code="Z">Împrumut la Sala</subfield>
    </datafield>
  </record>