
  <record>
    <leader>00000nam a2200000 a 4500</leader>
    <controlfield tag="001">BJSB448196</controlfield>
    <controlfield tag="008">191209s1819####|||||||||||||||||#||####u</controlfield>
    <datafield tag="050" ind1=" " ind2=" ">
      <subfield code="a">094.1(498); 252.8</subfield>
    </datafield>
    <datafield tag="245" ind1="0" ind2="1">
      <subfield code="a">[Carte folositoare de suflet despărţită în trei părţi dintru care cea din tâiu cuprinde învăţătură cătră duhovnic. A doao canoanele Sfântului Ioann Postnicul iară a treia sfătuire cătră cel ce să mărturiseşte. Tălmăcită din limba grecească. Și acum cu blagoslovenia şi toată chieltuiala prea o sfinţitului nostru Chirio Chirio Veniamin Arhiepiscopul şi Mitropolitul a toată Moldavia. Sau tipărit spre folosul cel de obște... În Tipografia Sfintei Mitropolii. În Iaşi. La anul dela Hs: 1819.]</subfield>
      <subfield code="c">Editor Veniamin, Arhiepiscopul și Mitropolitul Moldovei</subfield>
      <subfield code="h">[Carte tipărită]</subfield>
    </datafield>
    <datafield tag="250" ind1=" " ind2=" ">
      <subfield code="a">Ed. 1</subfield>
    </datafield>
    <datafield tag="260" ind1=" " ind2=" ">
      <subfield code="a">Iași</subfield>
      <subfield code="b">Tipografia Sfintei Mitropolii</subfield>
      <subfield code="c">1819</subfield>
    </datafield>
    <datafield tag="300" ind1=" " ind2=" ">
      <subfield code="a">[3] f.; 132 f. ; 21 cm</subfield>
    </datafield>
    <datafield tag="500" ind1=" " ind2=" ">
      <subfield code="a">Legătura: din carton învelit în piele, parţial deteriorată. Însemnări: fila 3 nenumerotată: Biblioteca pictorului Const. D. Stahi; fila 55: însemnări ilizibile; fila de gardă de la sfârşitul cărţii: Scris-am [...] dumnezeu [...] această carte [...] cetit totdeauna [...] aduce cetire sfintelor cărţi [...] trupului. Observaţii: exemplar incomplet, lipseşte foaia de titlu; a fost reprodusă după Bibliografia Românească Veche, vol. III, p. 292-293.</subfield>
    </datafield>
    <datafield tag="650" ind1=" " ind2=" ">
      <subfield code="a">predici religioase</subfield>
    </datafield>
    <datafield tag="650" ind1=" " ind2=" ">
      <subfield code="a">teologie ortodoxă</subfield>
    </datafield>
    <datafield tag="650" ind1=" " ind2=" ">
      <subfield code="a">predici</subfield>
    </datafield>
    <datafield tag="650" ind1=" " ind2=" ">
      <subfield code="a">carte românească veche</subfield>
    </datafield>
    <datafield tag="650" ind1=" " ind2=" ">
      <subfield code="a">teologie</subfield>
    </datafield>
    <datafield tag="995" ind1=" " ind2=" ">
      <subfield code="a">Colecţii Speciale - BRV</subfield>
      <subfield code="D">0.01</subfield>
      <subfield code="e">BRV480</subfield>
      <subfield code="F">Sediul_Central_A</subfield>
      <subfield code="j">1034 BRV</subfield>
      <subfield code="U">Available</subfield>
      <subfield code="W">Dec 9, 2019</subfield>
      <subfield code="y">BRV480</subfield>
      <subfield code="Z">Împrumut la Sala</subfield>
    </datafield>
  </record>