
  <record>
    <leader>00000nam a2200000 a 4500</leader>
    <controlfield tag="001">BJSB448190</controlfield>
    <controlfield tag="008">191209s1820####|||||||||||||||||#||####u</controlfield>
    <datafield tag="050" ind1=" " ind2=" ">
      <subfield code="a">094.1(498); 254.1; 254.4</subfield>
    </datafield>
    <datafield tag="100" ind1=" " ind2=" ">
      <subfield code="a">Ioan Gură de Aur, Sfântul</subfield>
    </datafield>
    <datafield tag="245" ind1="1" ind2="0">
      <subfield code="a">Acelui întru sfinţi părintelui nostru Ioann Gură de Aur cuvinte şase pentru preoţie. Și ale altor trei sfinţi părinţi trei canoniceşti epistolii înpotriva simoniei, adecă a dării şi luării de bani pentru darurile cele dumnezeeşti tălmăcite din limba elinească în limba românească, iar epistolile şi în limba proastă grecească. Și acum întâi tipărite ... cu blagoslovenia Preasfinţitului şi de Dumnezeu alesului Mitropolit a toată Ungrovlahia Chiriu Dionisie. În Bucureşti. 1820.</subfield>
      <subfield code="c">Ioan Gură de Aur</subfield>
      <subfield code="h">[Carte tipărită]</subfield>
    </datafield>
    <datafield tag="250" ind1=" " ind2=" ">
      <subfield code="a">Ed. 1</subfield>
    </datafield>
    <datafield tag="260" ind1=" " ind2=" ">
      <subfield code="a">București</subfield>
      <subfield code="b">[S.n.]</subfield>
      <subfield code="c">1820</subfield>
    </datafield>
    <datafield tag="300" ind1=" " ind2=" ">
      <subfield code="a">[2] f.; 168 p. ; 26 cm</subfield>
    </datafield>
    <datafield tag="500" ind1=" " ind2=" ">
      <subfield code="a">Legătura: carton recent marmorat; cotorul învelit în piele de culoare maronie. Însemnări: foaia de titlu: alui Petru Bancille. Observaţii: exemplar incomplet; lipsesc 4 file nenumerotate şi paginile 172-212; text pe două coloane în limba greacă şi română (caractere chirilice) între paginile 133-160; este colligat cu tipăritura Grigorie din Nazianz, Cuvânt pentru preoţie, Bucureşti, 1821.</subfield>
    </datafield>
    <datafield tag="650" ind1=" " ind2=" ">
      <subfield code="a">carte românească veche</subfield>
    </datafield>
    <datafield tag="650" ind1=" " ind2=" ">
      <subfield code="a">formarea preotului</subfield>
    </datafield>
    <datafield tag="650" ind1=" " ind2=" ">
      <subfield code="a">esenţa preoţiei</subfield>
    </datafield>
    <datafield tag="856" ind1=" " ind2=" ">
      <subfield code="u">http://www.dspace.bjastrasibiu.ro/bitstream/123456789/10356/1/BJA_CS_000169_CRV_0001-0172.pdf</subfield>
    </datafield>
    <datafield tag="995" ind1=" " ind2=" ">
      <subfield code="a">Colecţii Speciale - BRV</subfield>
      <subfield code="D">0.01</subfield>
      <subfield code="e">BRV169</subfield>
      <subfield code="F">Sediul_Central_A</subfield>
      <subfield code="j">1074 BRV</subfield>
      <subfield code="U">Available</subfield>
      <subfield code="W">Dec 9, 2019</subfield>
      <subfield code="y">BRV169</subfield>
      <subfield code="Z">Împrumut la Sala</subfield>
    </datafield>
  </record>