
  <record>
    <leader>00000nam a2200000 a 4500</leader>
    <controlfield tag="001">BJSB448187</controlfield>
    <controlfield tag="008">191209s1821####|||||||||||||||||#||####u</controlfield>
    <datafield tag="050" ind1=" " ind2=" ">
      <subfield code="a">094.1(498); 262.1; 262.3</subfield>
    </datafield>
    <datafield tag="100" ind1=" " ind2=" ">
      <subfield code="a">Nazianzineanul, Grigorie</subfield>
    </datafield>
    <datafield tag="245" ind1="1" ind2="0">
      <subfield code="a">Al celui întru sfinţi părintelui nostru Grigorie Nazianzineanul Cuvântătoriului de Dumneazeu cuvânt pentru preoţie tălmăcit de acelaşi tălmăcitoriu carele au tălmăcit şi cele lalte şase cuvinte pentru preoţie ale Sfântului Ioann Gură de Aur şi acum întâi tipărit cu blagoslovenia şi cheltuiala Preasfinţitului şi de Dumnezeu alesului Mitropolit a toată Ungrovlahia Chiriu Chiriu Dionisie în zilele Prealuminatului şi Preaînălţatului nostru domn Ioann Alexandru Nicolae Suţu Voevod. În Bucureşti. 1821.</subfield>
      <subfield code="c">Grigorie Nazianzineanul; editor Dionisie, Mitropolitul Ungrovlahiei</subfield>
      <subfield code="h">[Carte tipărită]</subfield>
    </datafield>
    <datafield tag="250" ind1=" " ind2=" ">
      <subfield code="a">Ed. 1</subfield>
    </datafield>
    <datafield tag="260" ind1=" " ind2=" ">
      <subfield code="a">București</subfield>
      <subfield code="b">[S.n.]</subfield>
      <subfield code="c">1821</subfield>
    </datafield>
    <datafield tag="300" ind1=" " ind2=" ">
      <subfield code="a">72 p. ; 26 cm</subfield>
    </datafield>
    <datafield tag="500" ind1=" " ind2=" ">
      <subfield code="a">Legătura: carton recent marmorat; cotorul învelit în piele de culoare maronie. Însemnări: foaia de gardă: Petru Bancille; foaia de gardă v: 1848; foaia de titlu: alui Petru Bancille. Observaţii: ştampilă de formă dreptunghiulară cu textul: Biblioteca „Astrei” (Asociaţiunea pentru lit. rom. şi cultura poporului român). Centrala Sibiu. Nr. 35185; exemplar incomplet, lipsesc p. 73-82; este colligat cu tipăritura Ioan Gură de Aur, Cuvinte şase pentru preoţie şi ale altor trei Sfinţi Părinţi trei canoniceşti Epistolii, Bucureşti, 1820.</subfield>
    </datafield>
    <datafield tag="650" ind1=" " ind2=" ">
      <subfield code="a">carte românească veche</subfield>
    </datafield>
    <datafield tag="650" ind1=" " ind2=" ">
      <subfield code="a">episcopat</subfield>
    </datafield>
    <datafield tag="650" ind1=" " ind2=" ">
      <subfield code="a">slujitori ai bisericii</subfield>
    </datafield>
    <datafield tag="856" ind1=" " ind2=" ">
      <subfield code="u">http://www.dspace.bjastrasibiu.ro/bitstream/123456789/10364/1/BJA_CS_000170_CRV_0001-0074.pdf</subfield>
    </datafield>
    <datafield tag="995" ind1=" " ind2=" ">
      <subfield code="a">Colecţii Speciale - BRV</subfield>
      <subfield code="D">0.01</subfield>
      <subfield code="e">BRV170</subfield>
      <subfield code="F">Sediul_Central_A</subfield>
      <subfield code="j">1121 BRV</subfield>
      <subfield code="U">Available</subfield>
      <subfield code="W">Dec 9, 2019</subfield>
      <subfield code="y">BRV170</subfield>
      <subfield code="Z">Împrumut la Sala</subfield>
    </datafield>
  </record>