
  <record>
    <leader>00000nam a2200000 a 4500</leader>
    <controlfield tag="001">BJSB448184</controlfield>
    <controlfield tag="008">191209s1822####|||||||||||||||||#||####u</controlfield>
    <datafield tag="050" ind1=" " ind2=" ">
      <subfield code="a">094.1(498); 112.2=135.1; 135.1=112.2</subfield>
    </datafield>
    <datafield tag="100" ind1=" " ind2=" ">
      <subfield code="a">Piuariu-Molnar, Ioan</subfield>
    </datafield>
    <datafield tag="245" ind1="1" ind2="0">
      <subfield code="a">Wörterbüchlein deutsch und wallachiches = vocabularium nemţesc şi românesc. Hermannstadt. Im Verlag ben Martin v. Hochmeister. Tipărit în Sibiu la K. K. Privilegiatul tipograf Martin Hohmaister unde şi de vânzare să află. 1822.</subfield>
      <subfield code="c">Ioan Piuariu Molnar</subfield>
      <subfield code="h">[Carte tipărită]</subfield>
    </datafield>
    <datafield tag="260" ind1=" " ind2=" ">
      <subfield code="a">Sibiu</subfield>
      <subfield code="c">1822</subfield>
    </datafield>
    <datafield tag="300" ind1=" " ind2=" ">
      <subfield code="a">[2] f.; 184 p.; [44] f. ; 18 cm</subfield>
    </datafield>
    <datafield tag="500" ind1=" " ind2=" ">
      <subfield code="a">Greşeli de paginaţie: p. 118 e numerotată 811 (nemenţionată de Bibliografia Românească Veche). Legătura: carton recent marmorat, cotorul învelit în pânză de culoare roşie. Observaţii: ştampilă ovală cu textul: Biblioteca Centrală a „Asociaţiunii” Sibiiu pe foaia de titlu, p. 1, 7, 33, 65, 101, 125, 141, fila 2 nenumerotată, fila 41 nenumerotată; ştampilă de formă dreptunghiulară cu textul: Biblioteca „Astrei” (Asociaţiunea pentru lit. rom. şi cultura poporului român). Centrala Sibiu Nr. 1766 pe foaia de titlu.</subfield>
    </datafield>
    <datafield tag="650" ind1=" " ind2=" ">
      <subfield code="a">carte românească veche</subfield>
    </datafield>
    <datafield tag="650" ind1=" " ind2=" ">
      <subfield code="a">dicționar român-german</subfield>
    </datafield>
    <datafield tag="650" ind1=" " ind2=" ">
      <subfield code="a">dicţionar german-român</subfield>
    </datafield>
    <datafield tag="995" ind1=" " ind2=" ">
      <subfield code="a">Colecţii Speciale - BRV</subfield>
      <subfield code="D">0.01</subfield>
      <subfield code="e">BRV177</subfield>
      <subfield code="F">Sediul_Central_A</subfield>
      <subfield code="j">1159 BRV</subfield>
      <subfield code="U">Available</subfield>
      <subfield code="W">Dec 9, 2019</subfield>
      <subfield code="y">BRV177</subfield>
      <subfield code="Z">Împrumut la Sala</subfield>
    </datafield>
  </record>