
  <record>
    <leader>00000nam a2200000 a 4500</leader>
    <controlfield tag="001">BJSB448183</controlfield>
    <controlfield tag="008">191209s1823####|||||||||||||||||#||####u</controlfield>
    <datafield tag="050" ind1=" " ind2=" ">
      <subfield code="a">094.1(498); 619.616</subfield>
    </datafield>
    <datafield tag="100" ind1=" " ind2=" ">
      <subfield code="a">Vulcan, Samuil</subfield>
    </datafield>
    <datafield tag="245" ind1="1" ind2="0">
      <subfield code="a">Samuil Vulcan cu daru lui Dumnedeu greco - catholicu episcopu a Oradii Mari.</subfield>
      <subfield code="c">Samuil Vulcan</subfield>
      <subfield code="h">[Carte tipărită]</subfield>
    </datafield>
    <datafield tag="260" ind1=" " ind2=" ">
      <subfield code="a">Oradea</subfield>
      <subfield code="c">1823</subfield>
    </datafield>
    <datafield tag="300" ind1=" " ind2=" ">
      <subfield code="a">7 p. ; 18 cm</subfield>
    </datafield>
    <datafield tag="500" ind1=" " ind2=" ">
      <subfield code="a">Legătura: fără coperţi, în folie de protecţie. Însemnări: versoul p. 7: Parochia Dedaiensi. Observaţii: cartea conţine îndemnuri adresate locuitorilor pentru îngrijirea copiilor împotriva vărsatului de vacă, după procedeul descoperit de „Anglul Jenner” în anul 1795; pe p. 7 următorul text: În Oradé Mare, Cu typariu lui Joan Tichy 1823; este exemplar unicat.</subfield>
    </datafield>
    <datafield tag="650" ind1=" " ind2=" ">
      <subfield code="a">carte românească veche</subfield>
    </datafield>
    <datafield tag="650" ind1=" " ind2=" ">
      <subfield code="a">boli infecţioase la animale</subfield>
    </datafield>
    <datafield tag="995" ind1=" " ind2=" ">
      <subfield code="a">Colecţii Speciale - BRV</subfield>
      <subfield code="D">0.01</subfield>
      <subfield code="e">BRV184</subfield>
      <subfield code="F">Sediul_Central_A</subfield>
      <subfield code="j">1194a BRV</subfield>
      <subfield code="U">Available</subfield>
      <subfield code="W">Dec 9, 2019</subfield>
      <subfield code="y">BRV184</subfield>
      <subfield code="Z">Împrumut la Sala</subfield>
    </datafield>
  </record>