
  <record>
    <leader>00000nam a2200000 a 4500</leader>
    <controlfield tag="001">BJSB448161</controlfield>
    <controlfield tag="008">191209s1823####|||||||||||||||||#||####u</controlfield>
    <datafield tag="050" ind1=" " ind2=" ">
      <subfield code="a">094.1(498); 82-141</subfield>
    </datafield>
    <datafield tag="245" ind1="0" ind2="0">
      <subfield code="a">Anastasimatariu bisericesc după aşăzământul sistimii cei noao acuma întâiaşi dată tipărită în zilele Prea Luminatului, şi Prea Înălţatului nostru domn io Grigoriu Dimitrie Ghica voevod întru întâiul an al domniei sale. Cu voia şi blagoslovenia prea osfinţiei sale părintelui Mitropolit a toată Ungrovlahia Chirio chir Grigorie alcătuită după cel grecesc pre limba romanească, de smeritul Macarie ieromonahul portarie al Sfintei Mitropolii a Bucureştilor dascălul şcoalei de musichie. Viena 1823.</subfield>
      <subfield code="c">Trad. ieromonah Macarie; editor Grigorie, Mitropolitul Ungrovlahiei</subfield>
      <subfield code="h">[Carte tipărită]</subfield>
    </datafield>
    <datafield tag="250" ind1=" " ind2=" ">
      <subfield code="a">Ed. 1</subfield>
    </datafield>
    <datafield tag="260" ind1=" " ind2=" ">
      <subfield code="a">București</subfield>
      <subfield code="b">Tipografia Sfintei Mitropolii</subfield>
      <subfield code="c">1823</subfield>
    </datafield>
    <datafield tag="300" ind1=" " ind2=" ">
      <subfield code="a">[2] f.; 300 p.; [1] f. ; 25 cm</subfield>
    </datafield>
    <datafield tag="500" ind1=" " ind2=" ">
      <subfield code="a">Greşeli de paginaţie: p. 96 e numerotată 98. Legătura: din carton; cotorul şi colţurile învelite în piele de culoare maronie; pe cotor titlul cărţii. Observaţii: înaintea textului gravura Învierea lui Isus Hristos.</subfield>
    </datafield>
    <datafield tag="650" ind1=" " ind2=" ">
      <subfield code="a">muzică bisericească</subfield>
    </datafield>
    <datafield tag="650" ind1=" " ind2=" ">
      <subfield code="a">carte românească veche</subfield>
    </datafield>
    <datafield tag="856" ind1=" " ind2=" ">
      <subfield code="u">http://www.dspace.bjastrasibiu.ro/bitstream/123456789/10687/3/BJA_CS_000533_BRV_0001-0316.pdf</subfield>
    </datafield>
    <datafield tag="995" ind1=" " ind2=" ">
      <subfield code="a">Colecţii Speciale - BRV</subfield>
      <subfield code="D">0.01</subfield>
      <subfield code="e">BRV533</subfield>
      <subfield code="F">Sediul_Central_A</subfield>
      <subfield code="j">1529 BRV</subfield>
      <subfield code="U">Available</subfield>
      <subfield code="W">Dec 9, 2019</subfield>
      <subfield code="y">BRV533</subfield>
      <subfield code="Z">Împrumut la Sala</subfield>
    </datafield>
  </record>