
  <record>
    <leader>00000nam a2200000 a 4500</leader>
    <controlfield tag="001">BJSB448157</controlfield>
    <controlfield tag="008">191209s1826####|||||||||||||||||#||####u</controlfield>
    <datafield tag="050" ind1=" " ind2=" ">
      <subfield code="a">094.1(498); 81'355; 811.124; 811.135.1; 811.514.151</subfield>
    </datafield>
    <datafield tag="100" ind1=" " ind2=" ">
      <subfield code="a">Maniu Montan, Nicolau</subfield>
    </datafield>
    <datafield tag="245" ind1="1" ind2="0">
      <subfield code="a">Orthoepia latina, latino - valachica, hungarica, germanica et serbo - valachica juxta gustum hodiernae paedagogiae in novum ordinem composita a Maniu Montan Nicolao, absoluto theologo Viennensi et in primaria regia normali schola Balasfalvensi primae classis magistro. Cibinii, typis Martini de Hochmeister, Caes. Reg. Priv. Typograph. et Bibliop. 1826.</subfield>
      <subfield code="c">Nicolau Maniu Montan</subfield>
      <subfield code="h">[Carte tipărită]</subfield>
    </datafield>
    <datafield tag="260" ind1=" " ind2=" ">
      <subfield code="a">Sibiu</subfield>
      <subfield code="c">1826</subfield>
    </datafield>
    <datafield tag="300" ind1=" " ind2=" ">
      <subfield code="a">120 p. ; 18 cm</subfield>
    </datafield>
    <datafield tag="500" ind1=" " ind2=" ">
      <subfield code="a">Legătura: carton recent marmorat, cotor legat în piele. Însemnări: încercări de condei pe coperta 3. Observaţii: ştampilă ovală cu textul: Biblioteca Centrală a „Asociaţiunii” Sibiiu pe foaia de titlu, p. 7, 15, 27, 37, 67, 77, 93, 109; ştampilă de formă dreptunghiulară cu textul: Biblioteca „Astrei” (Asociaţiunea pentru lit. rom. şi cultura poporului român). Centrala Sibiu. Nr. 2038 pe foaia de titlu; ştampilă ovală cu textul: Biblioteca Asociat. Trane. Rom. P. Cult. şi Lit. Pop. Rom. pe foaia de titlu; Bibliografia Românească Veche cunoaşte exemplar incomplet conţinând numai 118 p.</subfield>
    </datafield>
    <datafield tag="650" ind1=" " ind2=" ">
      <subfield code="a">limba română</subfield>
    </datafield>
    <datafield tag="650" ind1=" " ind2=" ">
      <subfield code="a">limba latină</subfield>
    </datafield>
    <datafield tag="650" ind1=" " ind2=" ">
      <subfield code="a">carte românească veche</subfield>
    </datafield>
    <datafield tag="650" ind1=" " ind2=" ">
      <subfield code="a">ortoepia</subfield>
    </datafield>
    <datafield tag="650" ind1=" " ind2=" ">
      <subfield code="a">limba maghiara</subfield>
    </datafield>
    <datafield tag="856" ind1=" " ind2=" ">
      <subfield code="u">http://www.dspace.bjastrasibiu.ro/bitstream/123456789/10620/1/BJA_CS_000196_BRV_0001-0124.pdf</subfield>
    </datafield>
    <datafield tag="995" ind1=" " ind2=" ">
      <subfield code="a">Colecţii Speciale - BRV</subfield>
      <subfield code="D">0.01</subfield>
      <subfield code="e">BRV196</subfield>
      <subfield code="F">Sediul_Central_A</subfield>
      <subfield code="j">1281 BRV</subfield>
      <subfield code="U">Available</subfield>
      <subfield code="W">Dec 9, 2019</subfield>
      <subfield code="y">BRV196</subfield>
      <subfield code="Z">Împrumut la Sala</subfield>
    </datafield>
  </record>