
  <record>
    <leader>00000nam a2200000 a 4500</leader>
    <controlfield tag="001">BJSB448154</controlfield>
    <controlfield tag="008">191209s1826####|||||||||||||||||#||####u</controlfield>
    <datafield tag="050" ind1=" " ind2=" ">
      <subfield code="a">094.1(498); 160.1</subfield>
    </datafield>
    <datafield tag="245" ind1="0" ind2="0">
      <subfield code="a">Logică care acum întâiu sau tălmăcit în limba patriei, cu îndemnarea Preasfinţitului Mitropolit al Ungrovlahiei Chir Grigorie: în zilele bine credinciosului şi luminatului nostru domn Grigorie Dimitriu Ghica Voevod, întral patrulea an al domniei mării sale. Și sau tipărit cu cheltuiala iubitoriului de Dumnezeu Episcop al Argeşului Chir Grigorie, de carele iaste şi tălmăcită. În Bucureşti. În Tipografia Sfintei Mitropolii în anul mântuirii 1826. De ieromonahul Stratomir tipograful.</subfield>
      <subfield code="c">Trad. Grigorie, Episcopul Argeșului; editor Grigorie, Mitropolitul Ungrovlahiei; tipograf, ieromonah Stratomir</subfield>
      <subfield code="h">[Carte tipărită]</subfield>
    </datafield>
    <datafield tag="250" ind1=" " ind2=" ">
      <subfield code="a">Ed. 1</subfield>
    </datafield>
    <datafield tag="260" ind1=" " ind2=" ">
      <subfield code="a">București</subfield>
      <subfield code="b">Tipografia Sfintei Mitropolii</subfield>
      <subfield code="c">1826</subfield>
    </datafield>
    <datafield tag="300" ind1=" " ind2=" ">
      <subfield code="a">[1] f.; 32 p.; 19 cm</subfield>
    </datafield>
    <datafield tag="500" ind1=" " ind2=" ">
      <subfield code="a">Legătura: lipsă coperţi, se află în folie de protecţie.</subfield>
    </datafield>
    <datafield tag="650" ind1=" " ind2=" ">
      <subfield code="a">Logica</subfield>
    </datafield>
    <datafield tag="650" ind1=" " ind2=" ">
      <subfield code="a">carte românească veche</subfield>
    </datafield>
    <datafield tag="856" ind1=" " ind2=" ">
      <subfield code="u">http://www.dspace.bjastrasibiu.ro/bitstream/123456789/10621/1/BJA_CS_000195_BRV_0001-0340.pdf</subfield>
    </datafield>
    <datafield tag="995" ind1=" " ind2=" ">
      <subfield code="a">Colecţii Speciale - BRV</subfield>
      <subfield code="D">0.01</subfield>
      <subfield code="e">BRV195</subfield>
      <subfield code="F">Sediul_Central_A</subfield>
      <subfield code="j">1280 BRV</subfield>
      <subfield code="U">Available</subfield>
      <subfield code="W">Dec 9, 2019</subfield>
      <subfield code="y">BRV195</subfield>
      <subfield code="Z">Împrumut la Sala</subfield>
    </datafield>
  </record>