
  <record>
    <leader>00000nam a2200000 a 4500</leader>
    <controlfield tag="001">BJSB448105</controlfield>
    <controlfield tag="008">191209s1826####|||||||||||||||||#||####u</controlfield>
    <datafield tag="050" ind1=" " ind2=" ">
      <subfield code="a">094.1(498); 811.135.1'36</subfield>
    </datafield>
    <datafield tag="100" ind1=" " ind2=" ">
      <subfield code="a">Alexi, Joannis</subfield>
    </datafield>
    <datafield tag="245" ind1="1" ind2="0">
      <subfield code="a">Grammatica daco - romana sive valachica latinitate donata, aucta, ac in hunc ordinem redacta opera et studio Joannis Alexi clerici Almae Dioeceseos g. r. c. Magno – Varadinensis in Caesareo Regio Convictu Viennensi alumni theologi absoluti. Viennae, apud Bibliopolam Josephum Geistinger. 1826.</subfield>
      <subfield code="c">Joanis Alexi</subfield>
      <subfield code="h">[Carte tipărită]</subfield>
    </datafield>
    <datafield tag="260" ind1=" " ind2=" ">
      <subfield code="a">Viena</subfield>
      <subfield code="b">Bibliopolam Josephum Geistinger</subfield>
      <subfield code="c">1826</subfield>
    </datafield>
    <datafield tag="300" ind1=" " ind2=" ">
      <subfield code="a">XX p.; 347 p. ; 22 cm</subfield>
    </datafield>
    <datafield tag="500" ind1=" " ind2=" ">
      <subfield code="a">Greşeli de paginaţie: p. 141 e numerotată 241; p. 307 e numerotată 367 (greşeli nemenţionate de BRV). Legătura: carton recent marmorat; cotorul şi colţurile legate în piele Observaţii: pe foaia de titlu ştampilă de formă dreptunghiulară cu textul: Biblioteca „Astrei” (Asociaţiunea pentru lit. rom. şi cultura poporului român). Centrala Sibiu.Nr. 1052; ştampilă ovală cu textul: Biblioteca Centrală a „Asociaţiunii” Sibiiu pe p. III, VII, XIII, 1, 15, 31, 65, 75, 77, 81, anexa, 135, 167, 205, 239; cartea conţine o anexă nenumerotată (intercalată între paginile 96-97) Tabella quator Conjugationum Regularium, prout etiam Temporum in escu. Tempora Simplicia nemenţionată de BRV; pe cotor apare autorul şi titlul cărţii.</subfield>
    </datafield>
    <datafield tag="650" ind1=" " ind2=" ">
      <subfield code="a">lingvistică</subfield>
    </datafield>
    <datafield tag="650" ind1=" " ind2=" ">
      <subfield code="a">carte românească veche</subfield>
    </datafield>
    <datafield tag="650" ind1=" " ind2=" ">
      <subfield code="a">gramatică</subfield>
    </datafield>
    <datafield tag="856" ind1=" " ind2=" ">
      <subfield code="u">http://www.dspace.bjastrasibiu.ro/bitstream/123456789/10619/1/BJA_CS_000192_BRV_0001-0382.pdf</subfield>
    </datafield>
    <datafield tag="995" ind1=" " ind2=" ">
      <subfield code="a">Colecţii Speciale - BRV</subfield>
      <subfield code="D">0.01</subfield>
      <subfield code="e">BRV192</subfield>
      <subfield code="F">Sediul_Central_A</subfield>
      <subfield code="j">1266 BRV</subfield>
      <subfield code="U">Available</subfield>
      <subfield code="W">Dec 9, 2019</subfield>
      <subfield code="y">BRV192</subfield>
      <subfield code="Z">Împrumut la Sala</subfield>
    </datafield>
  </record>