
  <record>
    <leader>00000nam a2200000 a 4500</leader>
    <controlfield tag="001">BJSB448098</controlfield>
    <controlfield tag="008">191209s1826####|||||||||||||||||#||####u</controlfield>
    <datafield tag="050" ind1=" " ind2=" ">
      <subfield code="a">094.1(498); 82.992</subfield>
    </datafield>
    <datafield tag="100" ind1=" " ind2=" ">
      <subfield code="a">Radovici Golești, Constantin</subfield>
    </datafield>
    <datafield tag="245" ind1="1" ind2="0">
      <subfield code="a">Însemnare a călătoriei mele Constandin Radovici din Goleşti făcută în anul 1824. 1825. 1826. Reise beschreibung von Const. Golesti. La Buda. În Crăiasca Tipografie a Universitatei Ungar: 1826.</subfield>
      <subfield code="c">Constandin Radovici Golești</subfield>
      <subfield code="h">[Carte tipărită]</subfield>
    </datafield>
    <datafield tag="260" ind1=" " ind2=" ">
      <subfield code="a">Buda</subfield>
      <subfield code="b">Crăiasca Tipografie a Universității Ungurești</subfield>
      <subfield code="c">1826</subfield>
    </datafield>
    <datafield tag="300" ind1=" " ind2=" ">
      <subfield code="a">237 p. ; [3] p. ; 20 cm</subfield>
    </datafield>
    <datafield tag="500" ind1=" " ind2=" ">
      <subfield code="a">Legătura: din carton recent marmorat. Însemnări: fila de gardă de la începutul cărţii: 205/893; pe foaia de titlu: semnătura autograf G. Bariţiu; coperta 3: [...] postav [...] a postav au vărgi [...] flaneu supţire [...] postav prost pentru slugi [...]. Observaţii: ştampilă de formă dreptunghiulară cu textul: Biblioteca „Astrei” (Asociaţiunea pentru lit. rom. şi cultura poporului român). Centrala Sibiiu. Nr. 5970 pe foaia de titlu, p. 3; ştampilă ovală cu textul: Biblioteca Centrală a „Asociaţiunii” Sibiiu pe foaia de titlu, p. 9, 39, 99, 227.</subfield>
    </datafield>
    <datafield tag="650" ind1=" " ind2=" ">
      <subfield code="a">jurnale de călătorie</subfield>
    </datafield>
    <datafield tag="650" ind1=" " ind2=" ">
      <subfield code="a">literatură română</subfield>
    </datafield>
    <datafield tag="650" ind1=" " ind2=" ">
      <subfield code="a">literatură</subfield>
    </datafield>
    <datafield tag="650" ind1=" " ind2=" ">
      <subfield code="a">carte românească veche</subfield>
    </datafield>
    <datafield tag="856" ind1=" " ind2=" ">
      <subfield code="u">http://www.dspace.bjastrasibiu.ro/bitstream/123456789/10676/1/BJA_CS_000194_BRV_0001-0248.pdf</subfield>
    </datafield>
    <datafield tag="995" ind1=" " ind2=" ">
      <subfield code="a">Colecţii Speciale - BRV</subfield>
      <subfield code="e">BRV194</subfield>
      <subfield code="F">Sediul_Central_A</subfield>
      <subfield code="j">1276 BRV</subfield>
      <subfield code="U">Available</subfield>
      <subfield code="W">Sep 21, 2020</subfield>
      <subfield code="y">BRV194</subfield>
      <subfield code="Z">Împrumut la Sala</subfield>
    </datafield>
  </record>