
  <record>
    <leader>00000nam a2200000 a 4500</leader>
    <controlfield tag="001">BJSB447559</controlfield>
    <controlfield tag="008">191203s1826####|||||||||||||||||#||####u</controlfield>
    <datafield tag="050" ind1=" " ind2=" ">
      <subfield code="a">094.1(498); 23/28</subfield>
    </datafield>
    <datafield tag="100" ind1=" " ind2=" ">
      <subfield code="a">Vasile cel Mare, Sfântul</subfield>
    </datafield>
    <datafield tag="245" ind1="1" ind2="0">
      <subfield code="a">Cuvinte puţine oarecare din cele multe ale celor întru sfinţi părinţilor noştri Vasilie celui Mare, şi Grigorie Cuvântătoriului de Dumnezeu, tălmăcite din limba ellinească, şi acum întâi tipărite, în zilele prealuminatului şi prea înălţatului nostru Domn Grigorie Dimitriu Ghica Voevod spre folosul neamului nostru. În Bucureşti. În Sfânta Mitropolie. La anul 1826. De Matfei Băbeanul Tipograful.</subfield>
      <subfield code="c">Vasile cel Mare; editor Grigorie Dimitrie Ghica; tipograf Matfei Băbeanul</subfield>
      <subfield code="h">[Carte tipărită]</subfield>
    </datafield>
    <datafield tag="260" ind1=" " ind2=" ">
      <subfield code="a">București</subfield>
      <subfield code="b">Sfânta Mitropolie din București </subfield>
      <subfield code="c">1826</subfield>
    </datafield>
    <datafield tag="300" ind1=" " ind2=" ">
      <subfield code="a">[2] f., 189 f. ; 32 cm</subfield>
    </datafield>
    <datafield tag="500" ind1=" " ind2=" ">
      <subfield code="a">Greşeli de paginaţie: fila 109 numerotată 107; fila 184 numerotată 182. Legătura: carton recent marmorat; cotorul şi colţurile în piele maronie. Observaţii: filele 9, 16, 25, ştampilă ilizibilă din care s-a mai păstrat cuvântul „Bistriţa”; coperta 3, ştampilă cu textul: Anticariat Sibiu Lei 625.</subfield>
    </datafield>
    <datafield tag="650" ind1=" " ind2=" ">
      <subfield code="a">teologie dogmatică</subfield>
    </datafield>
    <datafield tag="650" ind1=" " ind2=" ">
      <subfield code="a">carte românească veche</subfield>
    </datafield>
    <datafield tag="650" ind1=" " ind2=" ">
      <subfield code="a">teologie creştină</subfield>
    </datafield>
    <datafield tag="856" ind1=" " ind2=" ">
      <subfield code="u">http://www.dspace.bjastrasibiu.ro/bitstream/123456789/10683/1/BJA_CS_000352_BRV_0001-0390.pdf</subfield>
    </datafield>
    <datafield tag="995" ind1=" " ind2=" ">
      <subfield code="a">Colecţii Speciale - BRV</subfield>
      <subfield code="e">BRV352</subfield>
      <subfield code="F">Sediul_Central_A</subfield>
      <subfield code="j">1293 BRV</subfield>
      <subfield code="U">Available</subfield>
      <subfield code="W">Sep 21, 2020</subfield>
      <subfield code="y">BRV352</subfield>
      <subfield code="Z">Împrumut la Sala</subfield>
    </datafield>
  </record>