
  <record>
    <leader>00000nam a2200000 a 4500</leader>
    <controlfield tag="001">BJSB447553</controlfield>
    <controlfield tag="008">191203s1827####|||||||||||||||||#||####u</controlfield>
    <datafield tag="050" ind1=" " ind2=" ">
      <subfield code="a">094.1(498); 929.523; 392.542</subfield>
    </datafield>
    <datafield tag="245" ind1="0" ind2="0">
      <subfield code="a">Învăţătură pre scurt pentru nunţi. Acum tălmăcită şi întru acest chip aşezată de Preasfinţia sa părintele Mitropolitul Ungrovlahiei Kir Grigorie, şi cu a Preasfinţiei sale blagoslovenie tipărită în zilele prealuminatului şi preaînălţatului nostru domn Grigorie Dimitriu Ghica Voevod. În Bucureşti. În Tipografia Sfintei Mitropolii. În anul 1827.</subfield>
      <subfield code="c">Trad. de Grigorie, Mitropolitul Ungrovlahiei; editor Grigorie Dimitrie Ghica</subfield>
      <subfield code="h">[Carte tipărită]</subfield>
    </datafield>
    <datafield tag="260" ind1=" " ind2=" ">
      <subfield code="a">București</subfield>
      <subfield code="b">Tipografia Sfintei Mitropolii</subfield>
      <subfield code="c">1827</subfield>
    </datafield>
    <datafield tag="300" ind1=" " ind2=" ">
      <subfield code="a">[1] f., p. 171-212 ; 24 cm</subfield>
    </datafield>
    <datafield tag="500" ind1=" " ind2=" ">
      <subfield code="a">Legătura: carton recent. Însemnări: foaia de titlu: alui Petru Băncilă Observaţii: ştampilă de formă dreptunghiulară cu textul: Biblioteca „Astrei” (Asociaţiunea pentru lit. rom. şi cultura poporului român). Centrala Sibiu. Nr. 34983 pe foaia de titlu.</subfield>
    </datafield>
    <datafield tag="650" ind1=" " ind2=" ">
      <subfield code="a">carte românească veche</subfield>
    </datafield>
    <datafield tag="650" ind1=" " ind2=" ">
      <subfield code="a">tablouri de cosanguitate</subfield>
    </datafield>
    <datafield tag="650" ind1=" " ind2=" ">
      <subfield code="a">obiceiuri legate de căsătorie</subfield>
    </datafield>
    <datafield tag="650" ind1=" " ind2=" ">
      <subfield code="a">forme de căsătorie</subfield>
    </datafield>
    <datafield tag="995" ind1=" " ind2=" ">
      <subfield code="a">Colecţii Speciale - BRV</subfield>
      <subfield code="D">0.01</subfield>
      <subfield code="e">BRV200</subfield>
      <subfield code="F">Sediul_Central_A</subfield>
      <subfield code="j">1310 BRV</subfield>
      <subfield code="U">Available</subfield>
      <subfield code="W">Dec 3, 2019</subfield>
      <subfield code="y">BRV200</subfield>
      <subfield code="Z">Împrumut la Sala</subfield>
    </datafield>
  </record>