
  <record>
    <leader>00000nam a2200000 a 4500</leader>
    <controlfield tag="001">BJSB447551</controlfield>
    <controlfield tag="008">191203s1828####|||||||||||||||||#||####u</controlfield>
    <datafield tag="050" ind1=" " ind2=" ">
      <subfield code="a">372.462; 81'36-112; 094.1(498); 811.135.1'36</subfield>
    </datafield>
    <datafield tag="100" ind1=" " ind2=" ">
      <subfield code="a">Heliade Rădulescu, Ion</subfield>
    </datafield>
    <datafield tag="245" ind1="1" ind2="0">
      <subfield code="a">Gramatică românească de D. I. Eliad dată la tipar cu cheltuiala d. coconului Scarlat Roset. 1828.</subfield>
      <subfield code="c">D. I. Eliad</subfield>
      <subfield code="h">[Carte tipărită]</subfield>
    </datafield>
    <datafield tag="260" ind1=" " ind2=" ">
      <subfield code="a">Sibiu</subfield>
      <subfield code="b">Tipografia Ioan Bart</subfield>
      <subfield code="c">1828</subfield>
    </datafield>
    <datafield tag="300" ind1=" " ind2=" ">
      <subfield code="a">XXXIV p., 166 p., [1] f. ; 17 cm</subfield>
    </datafield>
    <datafield tag="500" ind1=" " ind2=" ">
      <subfield code="a">Greşeli de paginație: p. 58 e numerotată 85; p. 72 e numerotată 62. Legătura: carton recent marmorat; cotorul învelit în pânză de culoare neagră; pe cotor apare autorul şi titlul cărţii (litere aurite). Însemnări: foaia de titlu: Pentru bilbioteca asociaţiunii române I. P. Barcianu; foaia de titlu: semnătura autografă a autorului „I. Eliad”. Observaţii: ştampilă ovală cu textul: Biblioteca Centrală a „Asociaţiunii” Sibiiu pe p. XXI, 21, 47, 73, 111, 125; ştampilă ovală cu textul: Biblioteca Asociat. Trann. Rom. P. Cult. şi Lit. Pop. Rom. pe foaia de titlu.</subfield>
    </datafield>
    <datafield tag="650" ind1=" " ind2=" ">
      <subfield code="a">limba română</subfield>
    </datafield>
    <datafield tag="650" ind1=" " ind2=" ">
      <subfield code="a">gramatică</subfield>
    </datafield>
    <datafield tag="650" ind1=" " ind2=" ">
      <subfield code="a">lingvistică</subfield>
    </datafield>
    <datafield tag="650" ind1=" " ind2=" ">
      <subfield code="a">carte românească veche</subfield>
    </datafield>
    <datafield tag="856" ind1=" " ind2=" ">
      <subfield code="u">http://www.dspace.bjastrasibiu.ro/bitstream/123456789/2300/1/BJA_CS_000205_CRV_0001-0206.pdf</subfield>
    </datafield>
    <datafield tag="995" ind1=" " ind2=" ">
      <subfield code="a">Colecţii Speciale - BRV</subfield>
      <subfield code="D">0.01</subfield>
      <subfield code="e">BRV205</subfield>
      <subfield code="F">Sediul_Central_A</subfield>
      <subfield code="j">1366 BRV</subfield>
      <subfield code="U">Available</subfield>
      <subfield code="W">Dec 3, 2019</subfield>
      <subfield code="y">BRV205</subfield>
      <subfield code="Z">Împrumut la Sala</subfield>
    </datafield>
  </record>