
  <record>
    <leader>00000nam a2200000 a 4500</leader>
    <controlfield tag="001">BJSB447480</controlfield>
    <controlfield tag="008">191202s1829####|||||||||||||||||#||####u</controlfield>
    <datafield tag="050" ind1=" " ind2=" ">
      <subfield code="a">094.1(498); 821.135.1-1; </subfield>
    </datafield>
    <datafield tag="100" ind1=" " ind2=" ">
      <subfield code="a">Bota, Moise</subfield>
    </datafield>
    <datafield tag="245" ind1="1" ind2="1">
      <subfield code="a">[Versuri indemna'tóre ca'tre deprinderè ténerimei roma'neschi intru inva'tzeturi, ca un dar de gratulaţie pe auritù' annu nou m. dccc. xxix de Moysi Bota fostu' înva'tzetoriu roma'nesc in Lippova lucrate shi typa'rite. Glückswünsche auf das goldene jahr 1829. In Buda cu literile Cra'eshtei Typografii a Universitatei Ungureshti din Pest'.]</subfield>
      <subfield code="c">Moise Bota</subfield>
      <subfield code="h">[Carte tipărită]</subfield>
    </datafield>
    <datafield tag="260" ind1=" " ind2=" ">
      <subfield code="a">Buda</subfield>
      <subfield code="c">1829</subfield>
    </datafield>
    <datafield tag="300" ind1=" " ind2=" ">
      <subfield code="a">48 p. ; 24 cm</subfield>
    </datafield>
    <datafield tag="500" ind1=" " ind2=" ">
      <subfield code="a">Legătura: în folie de protecţie. Observaţii: exemplar incomplet, lipsesc: foaia de titlu, p. 5-6 şi p. 49-52; fila de titlu a fost reprodusă din Ioan Bianu, Nerva Hodoș, Bibliografia Românească Veche, vol. III, p. 619-620; ştampilă ovală cu textul: Biblioteca Centrală a „Asociaţiunii” Sibiiu pe p. 9, 17, 37, 45; p. 11-48 text în două coloane, limba română caractere latine şi limba română caratere chirilice; provenineță Fond Astra.</subfield>
    </datafield>
    <datafield tag="650" ind1=" " ind2=" ">
      <subfield code="a">literatură</subfield>
    </datafield>
    <datafield tag="650" ind1=" " ind2=" ">
      <subfield code="a">literatură română</subfield>
    </datafield>
    <datafield tag="650" ind1=" " ind2=" ">
      <subfield code="a">carte românească veche</subfield>
    </datafield>
    <datafield tag="650" ind1=" " ind2=" ">
      <subfield code="a">poezii</subfield>
    </datafield>
    <datafield tag="856" ind1=" " ind2=" ">
      <subfield code="u">http://www.dspace.bjastrasibiu.ro/bitstream/123456789/10373/1/BJA_CS_000415_CRV_0001-0042.pdf</subfield>
    </datafield>
    <datafield tag="995" ind1=" " ind2=" ">
      <subfield code="a">Colecţii Speciale - BRV</subfield>
      <subfield code="D">0.01</subfield>
      <subfield code="e">BRV415</subfield>
      <subfield code="F">Sediul_Central_A</subfield>
      <subfield code="j">1411 BRV</subfield>
      <subfield code="U">Available</subfield>
      <subfield code="W">Dec 2, 2019</subfield>
      <subfield code="y">BRV415</subfield>
      <subfield code="Z">Împrumut la Sala</subfield>
    </datafield>
  </record>