
  <record>
    <leader>00000nam a2200000 a 4500</leader>
    <controlfield tag="001">BJSB444785</controlfield>
    <controlfield tag="008">191031s1818####|||||||||||||||||#||####u</controlfield>
    <datafield tag="050" ind1=" " ind2=" ">
      <subfield code="a">094.1(498); 528.44</subfield>
    </datafield>
    <datafield tag="245" ind1="0" ind2="0">
      <subfield code="a">Urbariumul</subfield>
      <subfield code="h">[Carte tipărită]</subfield>
    </datafield>
    <datafield tag="260" ind1=" " ind2=" ">
      <subfield code="a">Viena</subfield>
      <subfield code="b">[S.n.]</subfield>
      <subfield code="c">1818</subfield>
    </datafield>
    <datafield tag="300" ind1=" " ind2=" ">
      <subfield code="a">[16] f.</subfield>
    </datafield>
    <datafield tag="500" ind1=" " ind2=" ">
      <subfield code="a">Legătura: folie de protecţie. Însemnări: fila 1: Donată la asociaţiunei romane prin Iul. de Bardosi practicantu de conceptu la guvernulu tierei. Sibiiu 2/11 863; II 814 bibl. as. trane; fila 4: Iul. de Bardosi; fila 9: Iul. de Bardosi. Observaţii: exemplar unicat. (1025 BRV)</subfield>
    </datafield>
    <datafield tag="650" ind1=" " ind2=" ">
      <subfield code="a">cercetare cadastrală</subfield>
    </datafield>
    <datafield tag="650" ind1=" " ind2=" ">
      <subfield code="a">carte românească veche</subfield>
    </datafield>
    <datafield tag="856" ind1=" " ind2=" ">
      <subfield code="u">http://www.dspace.bjastrasibiu.ro/bitstream/123456789/10333/1/BJA_CS_000163_CRV_0001-0009.pdf</subfield>
    </datafield>
    <datafield tag="995" ind1=" " ind2=" ">
      <subfield code="a">Colecţii Speciale - BRV</subfield>
      <subfield code="D">0.01</subfield>
      <subfield code="e">BRV163</subfield>
      <subfield code="F">Sediul_Central_A</subfield>
      <subfield code="j">1025a BRV</subfield>
      <subfield code="U">Available</subfield>
      <subfield code="W">Oct 31, 2019</subfield>
      <subfield code="y">BRV163</subfield>
      <subfield code="Z">Împrumut la Sala</subfield>
    </datafield>
  </record>