
  <record>
    <leader>00000nam a2200000 a 4500</leader>
    <controlfield tag="001">BJSB444784</controlfield>
    <controlfield tag="008">191031s1734####|||||||||||||||||#||####u</controlfield>
    <datafield tag="050" ind1=" " ind2=" ">
      <subfield code="a">269.6; 282:239; 238.1; 094.1(498.4)</subfield>
    </datafield>
    <datafield tag="100" ind1=" " ind2=" ">
      <subfield code="a">Kapi, Gabriel</subfield>
    </datafield>
    <datafield tag="245" ind1="1" ind2="0">
      <subfield code="a">Institutiones christianæ de Sacrosancta et Individua Trinitate ac de verbo incarnato adversus hostes utriusque divinissimi mysterii veteres, &amp; recentiores ...</subfield>
      <subfield code="c">AR. P. Gabriele Kapi</subfield>
      <subfield code="h">[Carte tipărită]</subfield>
    </datafield>
    <datafield tag="260" ind1=" " ind2=" ">
      <subfield code="a">Claudiopoli [Cluj-Napoca]</subfield>
      <subfield code="b">Typis Academicis Soc. Jesu</subfield>
      <subfield code="c">MDCCXXXIV [1734]</subfield>
    </datafield>
    <datafield tag="300" ind1=" " ind2=" ">
      <subfield code="a">[6] f., 470 p. ; 20 cm</subfield>
    </datafield>
    <datafield tag="500" ind1=" " ind2=" ">
      <subfield code="a">Greșeli de paginație: p.13 e numerotată p.12; p. 208 e numerotată p. 108; p. 429 e numerotată p. 428; p. 430 e numerotată p. 429; p. 431 e numerotată p. 430; p. 432 e numerotată 431 Legătura: carton deteriorat Însemnări: pe verso-ul paginii de gardă: harmadik példány[...] Antal Collegium Francisci (?); pe pagina de titlu: Conventus Cibiniensis Anno 1756 Observații: Pe pag. de titlu ștampilă ovală cu textul: „Biblioteca Astra Sibiu”; pe ultima pag. ștampilă cu textul: „Biblioteca Astra Sibiu”</subfield>
    </datafield>
    <datafield tag="650" ind1=" " ind2=" ">
      <subfield code="a">prozelitism</subfield>
    </datafield>
    <datafield tag="650" ind1=" " ind2=" ">
      <subfield code="a">Transilvanice</subfield>
    </datafield>
    <datafield tag="650" ind1=" " ind2=" ">
      <subfield code="a">Biserica Romano-Catolică</subfield>
    </datafield>
    <datafield tag="650" ind1=" " ind2=" ">
      <subfield code="a">biserica catolica</subfield>
    </datafield>
    <datafield tag="650" ind1=" " ind2=" ">
      <subfield code="a">teologie polemică</subfield>
    </datafield>
    <datafield tag="650" ind1=" " ind2=" ">
      <subfield code="a">teologie creştină</subfield>
    </datafield>
    <datafield tag="650" ind1=" " ind2=" ">
      <subfield code="a">teologie</subfield>
    </datafield>
    <datafield tag="856" ind1=" " ind2=" ">
      <subfield code="u">http://www.dspace.bjastrasibiu.ro/bitstream/123456789/10410/1/BJA_CS_000076_T_0001-0484.pdf</subfield>
    </datafield>
    <datafield tag="995" ind1=" " ind2=" ">
      <subfield code="a">Colecţii Speciale - Transilvanice</subfield>
      <subfield code="D">0.01</subfield>
      <subfield code="e">T00076</subfield>
      <subfield code="F">Sediul_Central_A</subfield>
      <subfield code="j">264 T</subfield>
      <subfield code="U">Available</subfield>
      <subfield code="W">Oct 31, 2019</subfield>
      <subfield code="y">T00076</subfield>
      <subfield code="Z">Împrumut la Sala</subfield>
    </datafield>
  </record>