
  <record>
    <leader>00000nam a2200000 a 4500</leader>
    <controlfield tag="001">BJSB444783</controlfield>
    <controlfield tag="008">191031s1793####|||||||||||||||||#||####u</controlfield>
    <datafield tag="050" ind1=" " ind2=" ">
      <subfield code="a">094.1(498); 314.48</subfield>
    </datafield>
    <datafield tag="245" ind1="0" ind2="0">
      <subfield code="a">Protocol reposaţilor al Episcopei Temişorii, şi supusa eparhia aceştia în acest hotar protopopesc în parohia.</subfield>
      <subfield code="h">[Carte tipărită]</subfield>
    </datafield>
    <datafield tag="260" ind1=" " ind2=" ">
      <subfield code="a">Viena</subfield>
      <subfield code="b">Tipografia lui Nobil de Novacovici</subfield>
      <subfield code="c">1793</subfield>
    </datafield>
    <datafield tag="300" ind1=" " ind2=" ">
      <subfield code="a">[1] f. ; 29 cm</subfield>
    </datafield>
    <datafield tag="500" ind1=" " ind2=" ">
      <subfield code="a">Legătura: folie de protecţie. Însemnări: Iaco Hrisă [...] estă  namu(?) [...] sanu [...]; Trăilă Satu Dobra; Satului Pobei (?); Dobra; Protocol a satului Povda (?) a hramului [...] şi Evanghelist Marco; v: Protocolul [...] parohia Pobdin. Protocol asatului Pobdin. Observaţii: dimensiunile foii volante descrise de BRV (21 X 16,5) sunt greşite; dimensiunile reale sunt: 37 X 22,5. (243 IV BRV)</subfield>
    </datafield>
    <datafield tag="650" ind1=" " ind2=" ">
      <subfield code="a">statistica mortalităţii</subfield>
    </datafield>
    <datafield tag="650" ind1=" " ind2=" ">
      <subfield code="a">carte românească veche</subfield>
    </datafield>
    <datafield tag="856" ind1=" " ind2=" ">
      <subfield code="u">http://www.dspace.bjastrasibiu.ro/bitstream/123456789/10378/1/BJA_CS_000080_CRV_0001-0002.pdf</subfield>
    </datafield>
    <datafield tag="995" ind1=" " ind2=" ">
      <subfield code="a">Colecţii Speciale - BRV</subfield>
      <subfield code="D">0.01</subfield>
      <subfield code="e">BRV080</subfield>
      <subfield code="F">Sediul_Central_A</subfield>
      <subfield code="j">568 BRV</subfield>
      <subfield code="U">Available</subfield>
      <subfield code="W">Oct 31, 2019</subfield>
      <subfield code="y">BRV080</subfield>
      <subfield code="Z">Împrumut la Sala</subfield>
    </datafield>
  </record>