
  <record>
    <leader>00000nam a2200000 a 4500</leader>
    <controlfield tag="001">BJSB444782</controlfield>
    <controlfield tag="008">191031s1829####|||||||||||||||||#||####u</controlfield>
    <datafield tag="050" ind1=" " ind2=" ">
      <subfield code="a">094.1(498); 232.33</subfield>
    </datafield>
    <datafield tag="100" ind1=" " ind2=" ">
      <subfield code="a">Moaler, Petru</subfield>
    </datafield>
    <datafield tag="245" ind1="1" ind2="0">
      <subfield code="a">Simbolul plinelor de bucurie simţiri, carele, tinerimea academică română din Pesta (prin patronimea prea cinstitului şi de nobil ţen născutului d. Atanasie Grabovschi de Apadia, acelui cu învăpăiată dorire spre cultura numelui românesc cuprins; precum şi la Mărita Deputaţie, care administreasă fundusurile shoalelor naţionale de l. g. n. i. alesului condeputat ş.a.) prea strălucitului şi prea sfinţitului d. Nestor Ioanovici din mila lui Dumnezeu în eparhia arădană cu credincie alesului d. l. g. n. i...</subfield>
      <subfield code="c">Petru Moaler</subfield>
      <subfield code="h">[Carte tipărită]</subfield>
    </datafield>
    <datafield tag="260" ind1=" " ind2=" ">
      <subfield code="a">Buda</subfield>
      <subfield code="b">Crăiasca Tipografie a Universității Ungurești</subfield>
      <subfield code="c">1829</subfield>
    </datafield>
    <datafield tag="300" ind1=" " ind2=" ">
      <subfield code="a">14 p. ; 24 cm</subfield>
    </datafield>
    <datafield tag="500" ind1=" " ind2=" ">
      <subfield code="a">Legătura: în folie de protecţie. Observaţii: ştampilă cu Biblioteca Asociaţiunii Astra ilizibilă. (1433 BRV)</subfield>
    </datafield>
    <datafield tag="650" ind1=" " ind2=" ">
      <subfield code="a">dicursuri comemorative</subfield>
    </datafield>
    <datafield tag="650" ind1=" " ind2=" ">
      <subfield code="a">carte românească veche</subfield>
    </datafield>
    <datafield tag="856" ind1=" " ind2=" ">
      <subfield code="u">http://www.dspace.bjastrasibiu.ro/bitstream/123456789/9501/1/BJA_CS_000213_CRV_0001-0019.pdf</subfield>
    </datafield>
    <datafield tag="995" ind1=" " ind2=" ">
      <subfield code="a">Colecţii Speciale - BRV</subfield>
      <subfield code="D">0.01</subfield>
      <subfield code="e">BRV213</subfield>
      <subfield code="F">Sediul_Central_A</subfield>
      <subfield code="j">1433 BRV</subfield>
      <subfield code="U">Available</subfield>
      <subfield code="W">Oct 31, 2019</subfield>
      <subfield code="y">BRV213</subfield>
      <subfield code="Z">Împrumut la Sala</subfield>
    </datafield>
  </record>