
  <record>
    <leader>00000nam a2200000 a 4500</leader>
    <controlfield tag="001">BJSB444779</controlfield>
    <controlfield tag="008">191031s1824####|||||||||||||||||#||####u</controlfield>
    <datafield tag="050" ind1=" " ind2=" ">
      <subfield code="a">094.1(498); 232.33</subfield>
    </datafield>
    <datafield tag="100" ind1=" " ind2=" ">
      <subfield code="a">Popovici, Toma</subfield>
    </datafield>
    <datafield tag="245" ind1="1" ind2="0">
      <subfield code="a">Trista cuvântare la îngroparea strelucitului şi înalt învăţatului domn Naum Petrovici la Mărita Deputaţie, care administrează Fundusurile Sholelor Naţionale de legea resăritului neunită în Crăimea Ungariei casse - perţeptor, alcătuită şi zisă prin Toma Popovici auzitoriul geometriei, şi cu cheltuiala celui învăpăiat de zelu roman, de bun gen născutul domn Atanasie Grabovschi domnul de-şi în Apadia, precum şi la mai sus Mărita Deputaţie ales condeputat întâia dată annu 1824, 3 august</subfield>
      <subfield code="c">Toma Popovici</subfield>
      <subfield code="h">[Carte tipărită]</subfield>
    </datafield>
    <datafield tag="260" ind1=" " ind2=" ">
      <subfield code="a">Buda</subfield>
      <subfield code="b">Tipariul C. Universitate din Pesta</subfield>
      <subfield code="c">1824</subfield>
    </datafield>
    <datafield tag="300" ind1=" " ind2=" ">
      <subfield code="a">[3] f. ; 24 cm</subfield>
    </datafield>
    <datafield tag="500" ind1=" " ind2=" ">
      <subfield code="a">Legătura: lipsă  coperţi; folie de protecţie. (1215 BRV)</subfield>
    </datafield>
    <datafield tag="650" ind1=" " ind2=" ">
      <subfield code="a">carte românească veche</subfield>
    </datafield>
    <datafield tag="650" ind1=" " ind2=" ">
      <subfield code="a">discursuri comemorative</subfield>
    </datafield>
    <datafield tag="856" ind1=" " ind2=" ">
      <subfield code="u">http://www.dspace.bjastrasibiu.ro/bitstream/123456789/10342/1/BJA_CS_000186_CRV_0001-0006.pdf</subfield>
    </datafield>
    <datafield tag="995" ind1=" " ind2=" ">
      <subfield code="a">Colecţii Speciale - BRV</subfield>
      <subfield code="D">0.01</subfield>
      <subfield code="e">BRV186</subfield>
      <subfield code="F">Sediul_Central_A</subfield>
      <subfield code="j">1215 BRV</subfield>
      <subfield code="U">Available</subfield>
      <subfield code="W">Oct 31, 2019</subfield>
      <subfield code="y">BRV186</subfield>
      <subfield code="Z">Împrumut la Sala</subfield>
    </datafield>
  </record>