
  <record>
    <leader>00000nam a2200000 a 4500</leader>
    <controlfield tag="001">BJSB444773</controlfield>
    <controlfield tag="008">191031s1755####|||||||||||||||||#||####u</controlfield>
    <datafield tag="050" ind1=" " ind2=" ">
      <subfield code="a">271.3(094); 094.1</subfield>
    </datafield>
    <datafield tag="100" ind1=" " ind2=" ">
      <subfield code="a">Kresslinger, Massaeus</subfield>
    </datafield>
    <datafield tag="245" ind1="1" ind2="0">
      <subfield code="a">Ortus et Progressus S. Ordinis Fratrum Minorum S.P.N. Francisci, Ex Bullis Pontificiis, ac Probatissimis Authoribus .... Dum Assertiones Canonico-Juridicas Ex Libro V. Decretal. D. P. Gregorii IX ...</subfield>
      <subfield code="c">P. Fr. Massæo Kreslinger ; præside: R. P. FR. Antonio Trnka, ...</subfield>
      <subfield code="h">[Carte tipărită]</subfield>
    </datafield>
    <datafield tag="260" ind1=" " ind2=" ">
      <subfield code="a">Claudiopoli [Cluj-Napoca]</subfield>
      <subfield code="b">Typis Academicis S. J.</subfield>
      <subfield code="c">1755</subfield>
    </datafield>
    <datafield tag="300" ind1=" " ind2=" ">
      <subfield code="a">[6] f., 182 p., [17] f. ; 20 cm</subfield>
    </datafield>
    <datafield tag="500" ind1=" " ind2=" ">
      <subfield code="a">Greșeli de paginație: p. 40 e numerotată 39; p. 108 e numerotată 109; p. 110 e numerotată 1010; p. 111 e numerotată 1011; p. 112 e numerotată 1012 Legătura: carton deteriorat Observații: Ștampilă ovală cu textul: „Biblioteca Astra Sibiu”</subfield>
    </datafield>
    <datafield tag="650" ind1=" " ind2=" ">
      <subfield code="a">papi</subfield>
    </datafield>
    <datafield tag="650" ind1=" " ind2=" ">
      <subfield code="a">franciscani</subfield>
    </datafield>
    <datafield tag="650" ind1=" " ind2=" ">
      <subfield code="a">ordine religioase</subfield>
    </datafield>
    <datafield tag="650" ind1=" " ind2=" ">
      <subfield code="a">istorie</subfield>
    </datafield>
    <datafield tag="856" ind1=" " ind2=" ">
      <subfield code="u">http://www.dspace.bjastrasibiu.ro/bitstream/123456789/10532/1/BJA_CS_000077_T_0001-0234.pdf</subfield>
    </datafield>
    <datafield tag="995" ind1=" " ind2=" ">
      <subfield code="a">Colecţii Speciale - Transilvanice</subfield>
      <subfield code="D">0.01</subfield>
      <subfield code="e">T00077</subfield>
      <subfield code="F">Sediul_Central_A</subfield>
      <subfield code="j">265 T</subfield>
      <subfield code="U">Available</subfield>
      <subfield code="W">Oct 31, 2019</subfield>
      <subfield code="y">T00077</subfield>
      <subfield code="Z">Împrumut la Sala</subfield>
    </datafield>
  </record>