
  <record>
    <leader>00000nam a2200000 a 4500</leader>
    <controlfield tag="001">BJSB444763</controlfield>
    <controlfield tag="008">191031s1830####|||||||||||||||||#||####u</controlfield>
    <datafield tag="050" ind1=" " ind2=" ">
      <subfield code="a">094.1(498); 614.46</subfield>
    </datafield>
    <datafield tag="245" ind1="0" ind2="0">
      <subfield code="a">Îndreptarea deregătoriilor de ţinerea sănătăţii de grije purtătoare şi a feţelor pe lângă contumaţii slujitoare cum sar putea marjinile hotarelor Monarhii Austrii apăra ca în biruinţa muscanului prin ţeri de obşte epidemiţe stăpânitoare boala cholera să nu poată străbate, au de sa întâmpla să străbată lăţirea ei a o înpedeca.</subfield>
      <subfield code="h">[Carte tipărită]</subfield>
    </datafield>
    <datafield tag="260" ind1=" " ind2=" ">
      <subfield code="a">Viena</subfield>
      <subfield code="b">[S.n.]</subfield>
      <subfield code="c">1830</subfield>
    </datafield>
    <datafield tag="300" ind1=" " ind2=" ">
      <subfield code="a">[9] f. ; 33 cm</subfield>
    </datafield>
    <datafield tag="500" ind1=" " ind2=" ">
      <subfield code="a">Legătura: folie de protecţie. Însemnări: Nro 892 bibl. asoc. trane pe fila 1 şi pe fila 9. Observaţii: exemplar unicat; provenienţă Fond Astra. (1526 BRV)</subfield>
    </datafield>
    <datafield tag="650" ind1=" " ind2=" ">
      <subfield code="a">carantină</subfield>
    </datafield>
    <datafield tag="650" ind1=" " ind2=" ">
      <subfield code="a">boli transmisibile</subfield>
    </datafield>
    <datafield tag="650" ind1=" " ind2=" ">
      <subfield code="a">medicină</subfield>
    </datafield>
    <datafield tag="650" ind1=" " ind2=" ">
      <subfield code="a">carte românească veche</subfield>
    </datafield>
    <datafield tag="856" ind1=" " ind2=" ">
      <subfield code="u">http://www.dspace.bjastrasibiu.ro/bitstream/123456789/10677/1/BJA_CS_000237_BRV_0001-0018.pdf</subfield>
    </datafield>
    <datafield tag="995" ind1=" " ind2=" ">
      <subfield code="a">Colecţii Speciale - BRV</subfield>
      <subfield code="D">0.01</subfield>
      <subfield code="e">BRV237</subfield>
      <subfield code="F">Sediul_Central_A</subfield>
      <subfield code="j">1526 BRV</subfield>
      <subfield code="U">Available</subfield>
      <subfield code="W">Oct 31, 2019</subfield>
      <subfield code="y">BRV237</subfield>
      <subfield code="Z">Împrumut la Sala</subfield>
    </datafield>
  </record>