
  <record>
    <leader>00000nam a2200000 a 4500</leader>
    <controlfield tag="001">BJSB444644</controlfield>
    <controlfield tag="008">191030s1815####|||||||||||||||||#||####u</controlfield>
    <datafield tag="050" ind1=" " ind2=" ">
      <subfield code="a">094.1(498); 235.3</subfield>
    </datafield>
    <datafield tag="245" ind1="0" ind2="0">
      <subfield code="a">Cinstitul Paraclis. Al Sfântului Sfinţitului Mucenic Haralambie; care iaste foarte folositoriu şi apărătoriu de înfricoşată boală a ciumii; încă şi de alte boale iaste apărătoriu, la cei ce cu credinţă şi cu fierbinte dragoste îl va ceti, şil va asculta. Prin cheltuiala dumnealui chir Constantin Manzovici</subfield>
      <subfield code="c">Editor Constantin Manzovici</subfield>
      <subfield code="h">[Carte tipărită]</subfield>
    </datafield>
    <datafield tag="260" ind1=" " ind2=" ">
      <subfield code="a">Brașov</subfield>
      <subfield code="b">[S.n.]</subfield>
      <subfield code="c">1815</subfield>
    </datafield>
    <datafield tag="300" ind1=" " ind2=" ">
      <subfield code="a">46 p. ; 18 cm</subfield>
    </datafield>
    <datafield tag="500" ind1=" " ind2=" ">
      <subfield code="a">Legătura: carton recent marmorat; cotorul învelit în piele maronie. Observaţii: coperta 3, ştampilă cu textul: Anticariat Sibiu. Lei 313.</subfield>
    </datafield>
    <datafield tag="650" ind1=" " ind2=" ">
      <subfield code="a">carte românească veche</subfield>
    </datafield>
    <datafield tag="650" ind1=" " ind2=" ">
      <subfield code="a">teologie</subfield>
    </datafield>
    <datafield tag="650" ind1=" " ind2=" ">
      <subfield code="a">sfinţi</subfield>
    </datafield>
    <datafield tag="650" ind1=" " ind2=" ">
      <subfield code="a">teologie creştină</subfield>
    </datafield>
    <datafield tag="856" ind1=" " ind2=" ">
      <subfield code="u">http://www.dspace.bjastrasibiu.ro/bitstream/123456789/10372/1/BJA_CS_000409_CRV_0001-0050.pdf</subfield>
    </datafield>
    <datafield tag="995" ind1=" " ind2=" ">
      <subfield code="a">Colecţii Speciale - BRV</subfield>
      <subfield code="D">0.01</subfield>
      <subfield code="e">BRV409</subfield>
      <subfield code="F">Sediul_Central_A</subfield>
      <subfield code="j">882 BRV</subfield>
      <subfield code="U">Available</subfield>
      <subfield code="W">Oct 30, 2019</subfield>
      <subfield code="y">BRV409</subfield>
      <subfield code="Z">Împrumut la Sala</subfield>
    </datafield>
  </record>