
  <record>
    <leader>00000nam a2200000 a 4500</leader>
    <controlfield tag="001">BJSB444643</controlfield>
    <controlfield tag="008">191030s1819####|||||||||||||||||#||####u</controlfield>
    <datafield tag="050" ind1=" " ind2=" ">
      <subfield code="a">094.1(498); 372.462</subfield>
    </datafield>
    <datafield tag="100" ind1=" " ind2=" ">
      <subfield code="a">Maior, Petru</subfield>
    </datafield>
    <datafield tag="245" ind1="1" ind2="0">
      <subfield code="a">Orthographia romana, sive latino - valachica, una cum clavi qua penetralia originationis vocum reserantur per Petrum Májor de Ditsö Szent Márton, Archidiaconum dioecesis Fogarasiensi, Districtus Görgényensis, ac regium revisorem librorum budensem. Primum valachico idiomate concinnata, deinde in latinum translata.</subfield>
      <subfield code="c">Petru Maior</subfield>
      <subfield code="h">[Carte tipărită]</subfield>
    </datafield>
    <datafield tag="260" ind1=" " ind2=" ">
      <subfield code="a">Buda</subfield>
      <subfield code="b">Typis Regiae Universitatis Hungaricae</subfield>
      <subfield code="c">1819</subfield>
    </datafield>
    <datafield tag="300" ind1=" " ind2=" ">
      <subfield code="a">VIII p., 103 p.</subfield>
    </datafield>
    <datafield tag="500" ind1=" " ind2=" ">
      <subfield code="a">Greşeli de paginaţie: p. 102 e numerotată 190. Legătura: carton recent marmorat, cotorul legat în piele de culoare maronie; pe cotor titlul cărţii. Observaţii: p. 54-102 text pe două coloane, limba română cu caractere latine, limba română cu caractere chirilice.</subfield>
    </datafield>
    <datafield tag="650" ind1=" " ind2=" ">
      <subfield code="a">carte românească veche</subfield>
    </datafield>
    <datafield tag="650" ind1=" " ind2=" ">
      <subfield code="a">lingvistică</subfield>
    </datafield>
    <datafield tag="650" ind1=" " ind2=" ">
      <subfield code="a">noţiuni elementare de ortografie şi gramatică</subfield>
    </datafield>
    <datafield tag="856" ind1=" " ind2=" ">
      <subfield code="u">http://www.dspace.bjastrasibiu.ro/bitstream/123456789/10618/1/BJA_CS_000167_BRV_0001-0120.pdf</subfield>
    </datafield>
    <datafield tag="995" ind1=" " ind2=" ">
      <subfield code="a">Colecţii Speciale - BRV</subfield>
      <subfield code="D">0.01</subfield>
      <subfield code="e">BRV167</subfield>
      <subfield code="F">Sediul_Central_A</subfield>
      <subfield code="j">1039 BRV</subfield>
      <subfield code="U">Available</subfield>
      <subfield code="W">Oct 30, 2019</subfield>
      <subfield code="y">BRV167</subfield>
      <subfield code="Z">Împrumut la Sala</subfield>
    </datafield>
  </record>