
  <record>
    <leader>00000nam a2200000 a 4500</leader>
    <controlfield tag="001">BJSB444642</controlfield>
    <controlfield tag="008">191030s1819####|||||||||||||||||#||####u</controlfield>
    <datafield tag="050" ind1=" " ind2=" ">
      <subfield code="a">094.1(498); 261.5</subfield>
    </datafield>
    <datafield tag="245" ind1="0" ind2="0">
      <subfield code="a">Cărticica năravurilor bune pentru tinerime acum întâia de pre nemţie pre românie întoarsă. Sibiu. În Tipografia lui Ioan Bart. 1819.</subfield>
      <subfield code="c">Trad. de Moise Fulea</subfield>
      <subfield code="h">[Carte tipărită]</subfield>
    </datafield>
    <datafield tag="260" ind1=" " ind2=" ">
      <subfield code="a">Sibiu</subfield>
      <subfield code="b">Tipografia Ioan Bart</subfield>
      <subfield code="c">1819</subfield>
    </datafield>
    <datafield tag="300" ind1=" " ind2=" ">
      <subfield code="a">[3] f., 146 p.</subfield>
    </datafield>
    <datafield tag="500" ind1=" " ind2=" ">
      <subfield code="a">Legătura: coperţi din carton de culoare maronie; cotor învelit în piele; donaţie Andrei Oţetea.</subfield>
    </datafield>
    <datafield tag="650" ind1=" " ind2=" ">
      <subfield code="a">carte românească veche</subfield>
    </datafield>
    <datafield tag="650" ind1=" " ind2=" ">
      <subfield code="a">educație confesională</subfield>
    </datafield>
    <datafield tag="650" ind1=" " ind2=" ">
      <subfield code="a">educație</subfield>
    </datafield>
    <datafield tag="856" ind1=" " ind2=" ">
      <subfield code="u">http://www.dspace.bjastrasibiu.ro/bitstream/123456789/10347/3/BJA_CS_000485_BRV_0001-0156.pdf</subfield>
    </datafield>
    <datafield tag="995" ind1=" " ind2=" ">
      <subfield code="a">Colecţii Speciale - BRV</subfield>
      <subfield code="D">0.01</subfield>
      <subfield code="e">BRV485</subfield>
      <subfield code="F">Sediul_Central_A</subfield>
      <subfield code="j">1035 BRV</subfield>
      <subfield code="U">Available</subfield>
      <subfield code="W">Oct 30, 2019</subfield>
      <subfield code="y">BRV485</subfield>
      <subfield code="Z">Împrumut la Sala</subfield>
    </datafield>
  </record>