
  <record>
    <leader>00000nam a2200000 a 4500</leader>
    <controlfield tag="001">BJSB444641</controlfield>
    <controlfield tag="008">191030s1818####|||||||||||||||||#||####u</controlfield>
    <datafield tag="050" ind1=" " ind2=" ">
      <subfield code="a">094.1(498); 372.462</subfield>
    </datafield>
    <datafield tag="245" ind1="0" ind2="0">
      <subfield code="a">Ortografia sau dreapta scrisoare, pentru îndreptarea scriitorilor limbii româneşti sub chivernisirea magnificienţii sale domnului crăesc consiliar Urosie Nestorovici, al şcoalelor româneşti şi sârbeşti de legea grecească ortodoxă supra - inspector; aşiaderă al şcolelor preparande, româneşti din Arad, sârbeşti din Sombor, şi greceşti din Pesta director: precum şi al crăeştii deputaţii, fundul şcolasticesc chivernisitore pro - preses.</subfield>
      <subfield code="c">Editor Urosie Nestorovici</subfield>
      <subfield code="h">[Carte tipărită]</subfield>
    </datafield>
    <datafield tag="260" ind1=" " ind2=" ">
      <subfield code="a">Buda</subfield>
      <subfield code="b">Crăiasca Tipografie a Universității Ungurești</subfield>
      <subfield code="c">1818</subfield>
    </datafield>
    <datafield tag="300" ind1=" " ind2=" ">
      <subfield code="a">80 p. ; 18 cm</subfield>
    </datafield>
    <datafield tag="500" ind1=" " ind2=" ">
      <subfield code="a">Legătura: copertă din carton recent; una dintre coperţi lipseşte. Însemnări: coperta 2: Dar dela Sofronie Liuba învăţătoriu în Maidan; p. 18: Noi zicem jug, judecată. Observaţii: ştampilă de formă dreptunghiulară cu textul: Biblioteca „Astrei” (Asociaţiunea pentru lit. rom. şi cultura poporului român). Centrala Sibiu Nr.2013, pe p. 1; ştampilă ovală cu textul: Biblioteca Centrală a Asociaţiunii Sibiiu pe p. 3, 9, 14, 25, 39, 71; exemplar incomplet, lipsesc p. 81-94 şi un tabel. (978 BRV)</subfield>
    </datafield>
    <datafield tag="650" ind1=" " ind2=" ">
      <subfield code="a">noțiuni elementare de gramatică și ortografie</subfield>
    </datafield>
    <datafield tag="650" ind1=" " ind2=" ">
      <subfield code="a">carte românească veche</subfield>
    </datafield>
    <datafield tag="650" ind1=" " ind2=" ">
      <subfield code="a">lingvistică</subfield>
    </datafield>
    <datafield tag="856" ind1=" " ind2=" ">
      <subfield code="u">http://www.dspace.bjastrasibiu.ro/bitstream/123456789/10353/1/BJA_CS_000159_CRV_0001-0082.pdf</subfield>
    </datafield>
    <datafield tag="995" ind1=" " ind2=" ">
      <subfield code="a">Colecţii Speciale - BRV</subfield>
      <subfield code="D">0.01</subfield>
      <subfield code="e">BRV159</subfield>
      <subfield code="F">Sediul_Central_A</subfield>
      <subfield code="j">978 BRV</subfield>
      <subfield code="U">Available</subfield>
      <subfield code="W">Oct 30, 2019</subfield>
      <subfield code="y">BRV159</subfield>
      <subfield code="Z">Împrumut la Sala</subfield>
    </datafield>
  </record>