
  <record>
    <leader>00000nam a2200000 a 4500</leader>
    <controlfield tag="001">BJSB444640</controlfield>
    <controlfield tag="008">191030s1819####|||||||||||||||||#||####u</controlfield>
    <datafield tag="050" ind1=" " ind2=" ">
      <subfield code="a">094.1(498); 37.013.41</subfield>
    </datafield>
    <datafield tag="100" ind1=" " ind2=" ">
      <subfield code="a">Villaume, Peter</subfield>
    </datafield>
    <datafield tag="245" ind1="1" ind2="0">
      <subfield code="a">Pedagogia şi metodica pentru învăţătorii şhoalelor orăşeneşti şi săteşti de Villom. Acum întâiu pre limba daco - românească tradusă şi prefăcută de Naum Petrovici, al fundusurilor şhoalelor de legea grecească neunită naţionale în Crăimea Ungariei crăesc perţeptor. La Buda. În Crăiasca Tipografie a Universitatei Ungariei. 1818.</subfield>
      <subfield code="c">Peter Villaume; trad. de Naum Petrovici</subfield>
      <subfield code="h">[Carte tipărită]</subfield>
    </datafield>
    <datafield tag="260" ind1=" " ind2=" ">
      <subfield code="a">Buda</subfield>
      <subfield code="b">Crăiasca Tipografie a Universității Ungurești</subfield>
      <subfield code="c">1819</subfield>
    </datafield>
    <datafield tag="300" ind1=" " ind2=" ">
      <subfield code="a">[12] f., 339 p., [14] f. ; 19 cm</subfield>
    </datafield>
    <datafield tag="500" ind1=" " ind2=" ">
      <subfield code="a">Greşeli de paginaţie: p. 257 e numerotată 266; p. 260 e numerotată 269; p. 261 e numerotată 270. Legătura: carton recent marmorat; cotor deteriorat. Însemnări: coperta 2: Această carte sau dăruit de Dumnealui Nicolae Lepescu bibliotecii şcoalelor naţionale româneşti din cetatea Braşovului (Zernesci) Braşov în 15 iunie 835. Observaţii: ştampilă de formă dreptunghiulară cu textul: Biblioteca „Astrei” (Asociaţiunea pentru lit. rom. şi cultura poporului român). Centrala Sibiu Nr. 1539, fila 2 de la începutul cărţii; ştampilă ovală cu textul: Biblioteca Centrală a Asociaţiunii Sibiiu pe fila 2 nenumerotată, p. 101, pe ultima filă nenumerotată v; ştampilă cu textul: Epitropia parochială gr. or. pe foaia de titlu; ştampilă rotundă greu lizibilă: [...] Zerneşti. (993 BRV)</subfield>
    </datafield>
    <datafield tag="650" ind1=" " ind2=" ">
      <subfield code="a">pedagogie</subfield>
    </datafield>
    <datafield tag="650" ind1=" " ind2=" ">
      <subfield code="a">metodică</subfield>
    </datafield>
    <datafield tag="650" ind1=" " ind2=" ">
      <subfield code="a">carte românească veche</subfield>
    </datafield>
    <datafield tag="650" ind1=" " ind2=" ">
      <subfield code="a">pedagogie individuală</subfield>
    </datafield>
    <datafield tag="856" ind1=" " ind2=" ">
      <subfield code="u">http://www.dspace.bjastrasibiu.ro/bitstream/123456789/10355/1/BJA_CS_000161_CRV_0001-0396.pdf</subfield>
    </datafield>
    <datafield tag="995" ind1=" " ind2=" ">
      <subfield code="a">Colecţii Speciale - BRV</subfield>
      <subfield code="D">0.01</subfield>
      <subfield code="e">BRV161</subfield>
      <subfield code="F">Sediul_Central_A</subfield>
      <subfield code="j">993 BRV</subfield>
      <subfield code="U">Available</subfield>
      <subfield code="W">Oct 30, 2019</subfield>
      <subfield code="y">BRV161</subfield>
      <subfield code="Z">Împrumut la Sala</subfield>
    </datafield>
  </record>