
  <record>
    <leader>00000nam a2200000 a 4500</leader>
    <controlfield tag="001">BJSB444639</controlfield>
    <controlfield tag="008">191030s1820####|||||||||||||||||#||####u</controlfield>
    <datafield tag="050" ind1=" " ind2=" ">
      <subfield code="a">094.1(498); 264-15; 22.07; 232.931</subfield>
    </datafield>
    <datafield tag="245" ind1="0" ind2="0">
      <subfield code="a">Minunile cele mai pre sus de fire ale Prea Sfintei Stăpânei noastre Născătoarei de Dumnezeu, şi Pururea Fecioarei Mariei. Care puţine din cele ne numărate sau luat în scris dela feliuri de dascăli de agapie, care, tălmăcindusă pre limba românească spre folosul cel de obşte de Rafail ieromonah proto sângelul, acum întâiaşi dată sau dat în tipariu, în zilele Prea Luminatului nostru domn. Io Alexandru Nicolae Suţul voevod cu blagoslovenia iubitoriului de Dumnezeu, chiriu chir Galaction...</subfield>
      <subfield code="c">Editor Galaction, Episcopul Râmnicului</subfield>
      <subfield code="h">[Carte tipărită]</subfield>
    </datafield>
    <datafield tag="250" ind1=" " ind2=" ">
      <subfield code="a">Ed. 1</subfield>
    </datafield>
    <datafield tag="260" ind1=" " ind2=" ">
      <subfield code="a">Râmnic</subfield>
      <subfield code="b">[S.n.]</subfield>
      <subfield code="c">1820</subfield>
    </datafield>
    <datafield tag="300" ind1=" " ind2=" ">
      <subfield code="a">[4] f., 148 f. ; 20 cm</subfield>
    </datafield>
    <datafield tag="500" ind1=" " ind2=" ">
      <subfield code="a">Greşeli de paginaţie: fila 42 e numerotată 45; fila 44 e numerotată 45; fila 101 e numerotată 97; fila 103 e numerotată 99; fila 123 e numerotată 120; fila 143 e numerotată 149. Legătura: din lemn acoperit de piele; pe coperta 1 a fost anexată o icoană recentă; cheotoarea este funcţională. Însemnări: fila 2: Cred Doamnă Sfântă, / A cerului şi a pământului / Născătoare de Dumnezeu Fecioară / Ceeace eşti Una plină de Dar / Căci pline de adevăr sunt / Minunile Tale / Şi mai mari decât acestea!... / Şi pentru care acum îţi strig / Măresc şi prea cinstesc / Numele Tău / Cel sfânt şi prea slăvit / Doamna mea cea prea dulce / Mult mai dulce decât fagurile / Născătoare de Dumnezeu Fecioară / Şi prea slăvesc Darul Tău / Cel Sfânt şi prea slăvit / Şi acum şi pururea / Şi în veci vecilor Amin. / Nicolae C Măiţă; fila 2 v: Buna Vestire. Cele cereşti / Cu dragoste s'au înveselit / Iar cele pământeşti / Cu cutremur s'au'nspăimântat / Când prea curatul glas / A venit la Tine / De Dumnezeu Născătoare / Bucurăte ceea ce eşti plină de dar / Marie, Domnul este cu Tine / Bine cuvântată eşti Tu între Femei. / Aceste Tropare de laudă leam scris azi 8 Iulie 1946 Nicolae C. Măiţă.; fila 79 v: Sovenir I. I. Crăcan (?); fila 80: I. Ionescu; foaia de gardă de la sfârşitul cărţii: Să se ştie de cându au muritu [...] Anicha au muritu la anul 1871 în Luna lui Martie în I dioa luni pre sera şi sa înmormântatu joi la 4 Martie; La 7 Martie 1914 ziua vineri a încetat din viaţă [...] Suluţ Maria soţia dascălului Petra [...] din Cat. [...] înmormântat în ziua de 9 Martie [...]. Pr. Th. P. Lachela (?).; foaia de gardă de la sfârşitul cărţii v: Să se ştie cându au muritu sorimea Anica muritu în anulu 1871 Luna Martie în I die luni pre seră şi sa îngropatu la 4 Martie diua joi. D. Poppescu; Dumitru Popescu; o serie de socoteli; coperta 3: Elena; Să se ştie de cându mam dusu la Scola eo Dumitru Popescu Anu 1868 octomvrie 28 şi amu eşitu întru 1870. Iulie. Iunie 29. D. Popescu; o serie de socoteli. Observaţii: două file anexate după coperta 2; fila 1: o imagine recentă Sfânta Fecioară cu pruncul; fila 1 v: imagine recentă cu Învierea Domnului. (1063 BRV)</subfield>
    </datafield>
    <datafield tag="650" ind1=" " ind2=" ">
      <subfield code="a">Venerarea Mariei</subfield>
    </datafield>
    <datafield tag="650" ind1=" " ind2=" ">
      <subfield code="a">teologie</subfield>
    </datafield>
    <datafield tag="650" ind1=" " ind2=" ">
      <subfield code="a">exegeză biblică</subfield>
    </datafield>
    <datafield tag="650" ind1=" " ind2=" ">
      <subfield code="a">carte românească veche</subfield>
    </datafield>
    <datafield tag="650" ind1=" " ind2=" ">
      <subfield code="a">cărţi liturgice</subfield>
    </datafield>
    <datafield tag="856" ind1=" " ind2=" ">
      <subfield code="u">http://www.dspace.bjastrasibiu.ro/bitstream/123456789/10688/1/BJA_CS_000537_BRV_0001-0240.pdf</subfield>
    </datafield>
    <datafield tag="995" ind1=" " ind2=" ">
      <subfield code="a">Colecţii Speciale - BRV</subfield>
      <subfield code="D">0.01</subfield>
      <subfield code="e">BRV537</subfield>
      <subfield code="F">Sediul_Central_A</subfield>
      <subfield code="j">1063 BRV</subfield>
      <subfield code="U">Available</subfield>
      <subfield code="W">Oct 30, 2019</subfield>
      <subfield code="y">BRV537</subfield>
      <subfield code="Z">Împrumut la Sala</subfield>
    </datafield>
  </record>