
  <record>
    <leader>00000nam a2200000 a 4500</leader>
    <controlfield tag="001">BJSB444638</controlfield>
    <controlfield tag="008">191030s1819####|||||||||||||||||#||####u</controlfield>
    <datafield tag="050" ind1=" " ind2=" ">
      <subfield code="a">094.1(498); 264-15</subfield>
    </datafield>
    <datafield tag="245" ind1="0" ind2="0">
      <subfield code="a">Biblia adecă Dumnezeiasca Scriptură a legii vechi şi a ceii noao. Cu cheltuiala Rosieneştii Soţietăţi a Bibliei. În Sankt Petersburg. În Tipografia lui Nic. Grecea. În anul 1819 august 15 zile.</subfield>
      <subfield code="h">[Carte tipărită]</subfield>
    </datafield>
    <datafield tag="260" ind1=" " ind2=" ">
      <subfield code="a">Sankt Petersburg</subfield>
      <subfield code="b">Tipografia lui Nic. Grecea</subfield>
      <subfield code="c">1819</subfield>
    </datafield>
    <datafield tag="300" ind1=" " ind2=" ">
      <subfield code="a">[2] f., 1248 p.. 303 p. ; 23 cm</subfield>
    </datafield>
    <datafield tag="500" ind1=" " ind2=" ">
      <subfield code="a">Greşeli de paginaţie: p. 300 e numerotată 100; p. 301 e numerotată 101; p. 302 e numerotată 102; p. 303 e numerotată 103. Legătura: coperţi din carton învelite în piele; pe cotor apare titlul cărţii: Biblia. Însemnări: foaia de titlu: Ioan Badosi (?). Observaţii: exemplar incomplet, lipseşte p. 1249. (1031 BRV)</subfield>
    </datafield>
    <datafield tag="650" ind1=" " ind2=" ">
      <subfield code="a">teologie</subfield>
    </datafield>
    <datafield tag="650" ind1=" " ind2=" ">
      <subfield code="a">cărţi liturgice</subfield>
    </datafield>
    <datafield tag="650" ind1=" " ind2=" ">
      <subfield code="a">carte românească veche</subfield>
    </datafield>
    <datafield tag="650" ind1=" " ind2=" ">
      <subfield code="a">Biblia</subfield>
    </datafield>
    <datafield tag="856" ind1=" " ind2=" ">
      <subfield code="u">http://www.dspace.bjastrasibiu.ro/bitstream/123456789/10334/1/BJA_CS_000166_CRV_0001-1556%282%29.pdf</subfield>
    </datafield>
    <datafield tag="995" ind1=" " ind2=" ">
      <subfield code="a">Colecţii Speciale - BRV</subfield>
      <subfield code="D">0.01</subfield>
      <subfield code="e">BRV166</subfield>
      <subfield code="F">Sediul_Central_A</subfield>
      <subfield code="j">1031 BRV</subfield>
      <subfield code="U">Available</subfield>
      <subfield code="W">Oct 30, 2019</subfield>
      <subfield code="y">BRV166</subfield>
      <subfield code="Z">Împrumut la Sala</subfield>
    </datafield>
  </record>