
  <record>
    <leader>00000nam a2200000 a 4500</leader>
    <controlfield tag="001">BJSB444636</controlfield>
    <controlfield tag="008">191030s1798####|||||||||||||||||#||####u</controlfield>
    <datafield tag="050" ind1=" " ind2=" ">
      <subfield code="a">094.1(498); 264-15</subfield>
    </datafield>
    <datafield tag="245" ind1="0" ind2="0">
      <subfield code="a">Sfânta şi Dumnezeiasca liturghie întru mărirea sfintei deofiinţă de viaţă făcătoarei, şi nedespărţitei Troiţă, Tatălui, şi Fiului, şi Sfântului Duh. În vremea Prea osfinţitului înpăratului Franciscus al duoilea fiind guvărnator Țării Ardealului Exelenţia sa domnul grof Gheorghie Banfii, cu slobozenia înălţatului crăescului gubernium</subfield>
      <subfield code="h">[Carte tipărită]</subfield>
    </datafield>
    <datafield tag="260" ind1=" " ind2=" ">
      <subfield code="a">Sibiu</subfield>
      <subfield code="b">Tipografia lui Petru Bart</subfield>
      <subfield code="c">1798</subfield>
    </datafield>
    <datafield tag="300" ind1=" " ind2=" ">
      <subfield code="a">[2] f., 336 p. ; 20 cm</subfield>
    </datafield>
    <datafield tag="500" ind1=" " ind2=" ">
      <subfield code="a">Legătura: carton recent învelit în piele; cotorul parţial deteriorat. Însemnări: p. 36: Cela este binecuvântat Cristos Dzeul nostru totdeauna acum şi [...]; Cela ce ai înviat...pag 70 la utrenie; p. 54: Pre Nasc. De Dzeu şi Maica luminii [...]; p. 60: Ceia ce eşti [...] apoi [...] Dumnezeule îndurăte şi luminează-ţi faţa Ta spre noi şi ne binecuvântă; apoi apărătoare [...] şi [...] Cela ce vor înviat din morţi Cristos [...]; p. 100: Preotul nainte de a merge la Proscomidie se-nchină şi sărută  [...] şi Evang. Apoi merge la [...]; p. 103: Se închid uşile şi perdeaua; p. 120: Închide perdeaua; p. 123: apă caldă; p. 181: în Post; p. 189: În Post; p. 233: Spovedania; numeroase indicaţii tipiconale recente. Observaţii: coperta 3: ştampilă cu textul Anticariat 800; numeroase pete de ceară pe multe file. (615 BRV)</subfield>
    </datafield>
    <datafield tag="650" ind1=" " ind2=" ">
      <subfield code="a">teologie</subfield>
    </datafield>
    <datafield tag="650" ind1=" " ind2=" ">
      <subfield code="a">cărţi liturgice</subfield>
    </datafield>
    <datafield tag="650" ind1=" " ind2=" ">
      <subfield code="a">liturghier</subfield>
    </datafield>
    <datafield tag="650" ind1=" " ind2=" ">
      <subfield code="a">carte românească veche</subfield>
    </datafield>
    <datafield tag="856" ind1=" " ind2=" ">
      <subfield code="u">http://www.dspace.bjastrasibiu.ro/bitstream/123456789/10543/1/BJA_CS_000086_CRV_0001_0348.pdf</subfield>
    </datafield>
    <datafield tag="995" ind1=" " ind2=" ">
      <subfield code="a">Colecţii Speciale - BRV</subfield>
      <subfield code="D">0.01</subfield>
      <subfield code="e">BRV086</subfield>
      <subfield code="F">Sediul_Central_A</subfield>
      <subfield code="j">615 BRV</subfield>
      <subfield code="U">Available</subfield>
      <subfield code="W">Oct 30, 2019</subfield>
      <subfield code="y">BRV086</subfield>
      <subfield code="Z">Împrumut la Sala</subfield>
    </datafield>
  </record>