
  <record>
    <leader>00000nam a2200000 a 4500</leader>
    <controlfield tag="001">BJSB444635</controlfield>
    <controlfield tag="008">191030s1795####|||||||||||||||||#||####u</controlfield>
    <datafield tag="050" ind1=" " ind2=" ">
      <subfield code="a">264-15; 094.1(498)</subfield>
    </datafield>
    <datafield tag="245" ind1="0" ind2="0">
      <subfield code="a">Biblia adecă Dumnezeiasca Scriptură a legii vechi şi a ceii noao toate care sau tălmăcit de pre limba elinească pre înţălesul limbii româneşti acum întâi sau tipărit româneşte supt stăpânirea Prea Înălţatului Înpărat al romanilor Francisc al doilea Craiului Apostolicesc Mare Prinţip al Ardealului, şi cele lalte: cu blagoslovenia mării sale Prea Luminatului şi Prea Sfinţitului Domnului Domn Ioann Bobb vlădicul Făgăraşului</subfield>
      <subfield code="c">Editor Ioan Bob</subfield>
      <subfield code="h">[Carte tipărită]</subfield>
    </datafield>
    <datafield tag="260" ind1=" " ind2=" ">
      <subfield code="a">Blaj</subfield>
      <subfield code="b">Tiparul Seminarului</subfield>
      <subfield code="c">1795</subfield>
    </datafield>
    <datafield tag="300" ind1=" " ind2=" ">
      <subfield code="a">[7] f., 894 p., 246 p., [3] f. ; 38 cm</subfield>
    </datafield>
    <datafield tag="500" ind1=" " ind2=" ">
      <subfield code="a">Greşeli de paginaţie: p. 255 e numerotată 256 (I); p. 136 e numerotată 132 (II) (numerotarea continuă greşit). Legătura: carton recent învelit în piele. Însemnări: fila 2 nenumerotată v: Această Biblie am cumpărat-o eu şi cine a fura-o sau ar străina-o să nu [...] Ioan [...] 1812. apr (?) 12; fila 4: inscipţie în lima greacă datată 1814; p. 1: Această Sf. Biblie am făcut-o prezentu nepotului Iorgu Niculiţă spre pomenire şi aducere aminte cu condiţie ca să o dea să o citească toţi nepoţii şi nepoatele din; p. 3: Botoşeni care var avea plăcere, Ilii Padrin Banu. 1875 fevruari 18 în Iaşi. (595 BRV)</subfield>
    </datafield>
    <datafield tag="650" ind1=" " ind2=" ">
      <subfield code="a">carte românească veche</subfield>
    </datafield>
    <datafield tag="650" ind1=" " ind2=" ">
      <subfield code="a">teologie</subfield>
    </datafield>
    <datafield tag="650" ind1=" " ind2=" ">
      <subfield code="a">cărţi liturgice</subfield>
    </datafield>
    <datafield tag="650" ind1=" " ind2=" ">
      <subfield code="a">Biblia</subfield>
    </datafield>
    <datafield tag="856" ind1=" " ind2=" ">
      <subfield code="u">http://www.dspace.bjastrasibiu.ro/bitstream/123456789/10572/1/BJA_CS_000026_BRV_0001-1166.pdf</subfield>
    </datafield>
    <datafield tag="995" ind1=" " ind2=" ">
      <subfield code="a">Colecţii Speciale - BRV</subfield>
      <subfield code="D">0.01</subfield>
      <subfield code="e">BRV026</subfield>
      <subfield code="F">Sediul_Central_A</subfield>
      <subfield code="j">595 BRV</subfield>
      <subfield code="U">Available</subfield>
      <subfield code="W">Oct 30, 2019</subfield>
      <subfield code="y">BRV026</subfield>
      <subfield code="Z">Împrumut la Sala</subfield>
    </datafield>
  </record>