
  <record>
    <leader>00000nam a2200000 a 4500</leader>
    <controlfield tag="001">BJSB444615</controlfield>
    <controlfield tag="008">191030s1761####|||||||||||||||||#||####u</controlfield>
    <datafield tag="050" ind1=" " ind2=" ">
      <subfield code="a">094.1; 241</subfield>
    </datafield>
    <datafield tag="100" ind1=" " ind2=" ">
      <subfield code="a">Ferenczi Tóbiás</subfield>
    </datafield>
    <datafield tag="245" ind1="1" ind2="0">
      <subfield code="a">Assertiones ex universa Aristoteles Logica. Quæstiones scripturisticæ in selecta Veteris et Novi Testamenti Loca, earumque resolutiones cum subjesta Doctrina Morali ex probatis Authoribus collectæ &amp; digestæ</subfield>
      <subfield code="c">ad mentem Johannis Duns-Scoti..., Tobiam Ferenczi ; presidae: R.P. Sigismundo Miksi</subfield>
      <subfield code="h">[Carte tipărită]</subfield>
    </datafield>
    <datafield tag="260" ind1=" " ind2=" ">
      <subfield code="a">Claudiopoli [Cluj-Napoca]</subfield>
      <subfield code="b">Typis Academicis Soc. Jesu</subfield>
      <subfield code="c">MDCCLXI, [1761]</subfield>
    </datafield>
    <datafield tag="300" ind1=" " ind2=" ">
      <subfield code="a">[22] p. nenumerotate, [275] p. ; 18 cm</subfield>
    </datafield>
    <datafield tag="500" ind1=" " ind2=" ">
      <subfield code="a">Greșeli de paginație: p. 42 e numerotată 41; p. 63 e numerotată 73; p. 127 e numerotată 126; p. 145 e numerotată 142, p. 143 e numerotată 146; de la p. 146 paginația continuă corect Legătura: carton Însemnări: Coperta 2: Confest V. Conventui RR.PL Franciscani Cibiniensi ; pagina de titlu: E [...]; [...] medve 1770. Ștampilă de formă ovală cu inscripția: „Biblioteca Astra Sibiu”</subfield>
    </datafield>
    <datafield tag="650" ind1=" " ind2=" ">
      <subfield code="a">teologie</subfield>
    </datafield>
    <datafield tag="650" ind1=" " ind2=" ">
      <subfield code="a">carte veche românească</subfield>
    </datafield>
    <datafield tag="650" ind1=" " ind2=" ">
      <subfield code="a">teologie morală</subfield>
    </datafield>
    <datafield tag="650" ind1=" " ind2=" ">
      <subfield code="a">filosofie</subfield>
    </datafield>
    <datafield tag="650" ind1=" " ind2=" ">
      <subfield code="a">filosofie morala</subfield>
    </datafield>
    <datafield tag="700" ind1=" " ind2=" ">
      <subfield code="a">Duns Scotus, John</subfield>
    </datafield>
    <datafield tag="856" ind1=" " ind2=" ">
      <subfield code="u">http://www.dspace.bjastrasibiu.ro/bitstream/123456789/10644/1/BJA_CS_000059_T_0001-0298.pdf</subfield>
    </datafield>
    <datafield tag="995" ind1=" " ind2=" ">
      <subfield code="a">Colecţii Speciale - Transilvanice</subfield>
      <subfield code="D">0.01</subfield>
      <subfield code="e">T00059</subfield>
      <subfield code="F">Sediul_Central_A</subfield>
      <subfield code="j">248 T</subfield>
      <subfield code="U">Available</subfield>
      <subfield code="W">Oct 30, 2019</subfield>
      <subfield code="y">T00059</subfield>
      <subfield code="Z">Împrumut la Sala</subfield>
    </datafield>
  </record>