
  <record>
    <leader>00000nam a2200000 a 4500</leader>
    <controlfield tag="001">BJSB444620</controlfield>
    <controlfield tag="008">191030s1793####|||||||||||||||||#||####u</controlfield>
    <datafield tag="050" ind1=" " ind2=" ">
      <subfield code="a">094.1(498); 264-15</subfield>
    </datafield>
    <datafield tag="245" ind1="0" ind2="0">
      <subfield code="a">Întru mărirea sfintei, de o fiinţei, de viaţă Făcătoarei, şi nedespărţitei Troiţii, Tatălui, şi Fiului, şi Sfântului Duh; sau tipărit cartea aceasta: Adunarea Cazaniilor multora feliuri de cuvinte învăţătoare de năravuri bune, dumineci şi sărbători prăznuitoare în trei părţi de osebi cuprinzându-să . Cu slobozenia celor mai mari şi cu blagoslovenia pravoslavnicului arhiepiscopului şi mitropolitului carloveţului. întru înpărăţitoare cetatea beciului</subfield>
      <subfield code="h">[Carte tipărită]</subfield>
    </datafield>
    <datafield tag="260" ind1=" " ind2=" ">
      <subfield code="a">Viena</subfield>
      <subfield code="b">Tipografia Stefan de Novacovici</subfield>
      <subfield code="c">1793</subfield>
    </datafield>
    <datafield tag="300" ind1=" " ind2=" ">
      <subfield code="a">[5] f., 94 f., filele 1-15, 18-27, 41-84, 87 f. ; 37 cm</subfield>
    </datafield>
    <datafield tag="500" ind1=" " ind2=" ">
      <subfield code="a">Greşeli de paginaţie: fila 25 e numerotată 24; fila 63 e numerotată 62; fila 78 e numerotată 79 (I); fila 44 e numerotată 45; fila 54 e numerotată 36; fila 56 e numerotată 55 (II); fila 36 e numerotată 41 (III) (numerotarea continuă greşit); fila 46 e numerotată 41; fila 69 e numerotată 68; fila 70 e numerotată 69. Legătura: lipseşte coperta 2; coperta 1 din carton legat în piele deteriorată; se află în folie de protecţie. Însemnări: coperta 2: o serie de socoteli; fila de gardă: Această Sfântă şi [...]; [...]; De zgaibă şi de [...] e din găina negră (?) în [...] crepată şi ales udăteaş cand păsăre zgaibă şi va [...] 2 de Meriu (?) [...]; Imperate quod fuit Simul est; Mihael Arhanghel Dmnul e lumii; Röfföky; Tărtariul; fosta [...]; Malabeenu[...]; [...] dela cantor Ioan 25 de groş [...] 14 groşniţe [...] (558 BRV)</subfield>
    </datafield>
    <datafield tag="650" ind1=" " ind2=" ">
      <subfield code="a">carte românească veche</subfield>
    </datafield>
    <datafield tag="650" ind1=" " ind2=" ">
      <subfield code="a">teologie</subfield>
    </datafield>
    <datafield tag="650" ind1=" " ind2=" ">
      <subfield code="a">cărţi liturgice</subfield>
    </datafield>
    <datafield tag="995" ind1=" " ind2=" ">
      <subfield code="a">Colecţii Speciale - BRV</subfield>
      <subfield code="D">0.01</subfield>
      <subfield code="e">BRV524</subfield>
      <subfield code="F">Sediul_Central_A</subfield>
      <subfield code="j">558 BRV</subfield>
      <subfield code="U">Available</subfield>
      <subfield code="W">Oct 30, 2019</subfield>
      <subfield code="y">BRV524</subfield>
      <subfield code="Z">Împrumut la Sala</subfield>
    </datafield>
  </record>