
  <record>
    <leader>00000nam a2200000 a 4500</leader>
    <controlfield tag="001">BJSB444618</controlfield>
    <controlfield tag="008">191030s1793####|||||||||||||||||#||####u</controlfield>
    <datafield tag="050" ind1=" " ind2=" ">
      <subfield code="a">094.1(498); 655.3.066.26</subfield>
    </datafield>
    <datafield tag="245" ind1="0" ind2="0">
      <subfield code="a">Călindariu rumânesc vechi pă anul dela Hs: 1793. Care să cuprinde din 365. de zile. pă Ardeal, şi pă alte învecinate locuri întocmit. cu slobozenia Înălţatului Crăescului Gubernii a tot Ardealul</subfield>
      <subfield code="h">[Carte tipărită]</subfield>
    </datafield>
    <datafield tag="260" ind1=" " ind2=" ">
      <subfield code="a">Sibiu</subfield>
      <subfield code="b">Tipografia Petru Bart</subfield>
      <subfield code="c">1793</subfield>
    </datafield>
    <datafield tag="300" ind1=" " ind2=" ">
      <subfield code="a">[9] f. ; 22 cm</subfield>
    </datafield>
    <datafield tag="500" ind1=" " ind2=" ">
      <subfield code="a">Legătura: folie de protecţie. Observaţii: exemplar unicat; cele 11 titluri aflate pe ultima filă au fost editate în tipografia sa între anii 1788-1792; două dintre acestea nu se regăsesc în Bibliografia Românească Veche -  Extract din Cartea Metodului pentru trebuinţa dascalilor şi Bucoavnă pentru învăţătura pruncilor, ce cuprinde întru sine rânduiala Vecerniei, a Utreniei, şi a Sfintelor Austrii, greceşte şi rumâneşte, mai adaogând nişte porunci Dumnezeieşti. (560 BRV)</subfield>
    </datafield>
    <datafield tag="650" ind1=" " ind2=" ">
      <subfield code="a">carte românească veche</subfield>
    </datafield>
    <datafield tag="650" ind1=" " ind2=" ">
      <subfield code="a">calendare</subfield>
    </datafield>
    <datafield tag="995" ind1=" " ind2=" ">
      <subfield code="a">Colecţii Speciale - BRV</subfield>
      <subfield code="D">0.01</subfield>
      <subfield code="e">BRV357</subfield>
      <subfield code="F">Sediul_Central_A</subfield>
      <subfield code="j">560 BRV</subfield>
      <subfield code="U">Available</subfield>
      <subfield code="W">Oct 30, 2019</subfield>
      <subfield code="y">BRV357</subfield>
      <subfield code="Z">Împrumut la Sala</subfield>
    </datafield>
  </record>