
  <record>
    <leader>00000nam a2200000 a 4500</leader>
    <controlfield tag="001">BJSB444614</controlfield>
    <controlfield tag="008">191030s1793####|||||||||||||||||#||####u</controlfield>
    <datafield tag="050" ind1=" " ind2=" ">
      <subfield code="a">094.1(498); 264-15</subfield>
    </datafield>
    <datafield tag="245" ind1="0" ind2="0">
      <subfield code="a">Catavasiariu acum a patra oară tipărit, supt prea fericita înpărăţie a Prea Înălţatului Înpărat Francisc al doilea cu blagoslovenia Prea Luminatului şi Prea o sfinţitului Domnului Domn Ioann Bobb vlădicul Făgăraşului. În Blaj. Anii dela Hs 1793.</subfield>
      <subfield code="c">Editor Ioan Bobb</subfield>
      <subfield code="h">[Carte tipărită]</subfield>
    </datafield>
    <datafield tag="250" ind1=" " ind2=" ">
      <subfield code="a">Ed. a 4-a</subfield>
    </datafield>
    <datafield tag="260" ind1=" " ind2=" ">
      <subfield code="a">Blaj</subfield>
      <subfield code="b">[S.n.]</subfield>
      <subfield code="c">1793</subfield>
    </datafield>
    <datafield tag="300" ind1=" " ind2=" ">
      <subfield code="a">[3] f., 426 p., [3] f. ; 17 cm</subfield>
    </datafield>
    <datafield tag="500" ind1=" " ind2=" ">
      <subfield code="a">Legătura: coperţi din lemn legate în piele; mai păstrează urmele cheotorilor. Însemnări: coperta 2, fila de gardă însemnări ilizibile. Observaţii: coperta 3 anexat un bilet cu textul: Anticariat Sibiu Lei 750. (559 BRV)</subfield>
    </datafield>
    <datafield tag="650" ind1=" " ind2=" ">
      <subfield code="a">carte românească veche</subfield>
    </datafield>
    <datafield tag="650" ind1=" " ind2=" ">
      <subfield code="a">teologie</subfield>
    </datafield>
    <datafield tag="650" ind1=" " ind2=" ">
      <subfield code="a">catavasier</subfield>
    </datafield>
    <datafield tag="650" ind1=" " ind2=" ">
      <subfield code="a">cărţi liturgice</subfield>
    </datafield>
    <datafield tag="856" ind1=" " ind2=" ">
      <subfield code="u">http://www.dspace.bjastrasibiu.ro/bitstream/123456789/10649/1/BJA_CS_000303_BRV_0001-0444.pdf</subfield>
    </datafield>
    <datafield tag="995" ind1=" " ind2=" ">
      <subfield code="a">Colecţii Speciale - BRV</subfield>
      <subfield code="D">0.01</subfield>
      <subfield code="e">BRV303</subfield>
      <subfield code="F">Sediul_Central_A</subfield>
      <subfield code="j">559 BRV</subfield>
      <subfield code="U">Available</subfield>
      <subfield code="W">Oct 30, 2019</subfield>
      <subfield code="y">BRV303</subfield>
      <subfield code="Z">Împrumut la Sala</subfield>
    </datafield>
  </record>