
  <record>
    <leader>00000nam a2200000 a 4500</leader>
    <controlfield tag="001">BJSB444609</controlfield>
    <controlfield tag="008">191030s1793####|||||||||||||||||#||####u</controlfield>
    <datafield tag="050" ind1=" " ind2=" ">
      <subfield code="a">094.1(498); 264-15</subfield>
    </datafield>
    <datafield tag="245" ind1="0" ind2="0">
      <subfield code="a">Polustav tipă: după rânduia: beseri: răsă: cu bla: prea lum: o prea o s: domnului d: Ioann Bobb vlădi: Făgă. Blaj anu Dm 1793.</subfield>
      <subfield code="c">Editor Ioan Bob</subfield>
      <subfield code="h">[Carte tipărită]</subfield>
    </datafield>
    <datafield tag="260" ind1=" " ind2=" ">
      <subfield code="a">Blaj</subfield>
      <subfield code="b">[S.n.]</subfield>
      <subfield code="c">1793</subfield>
    </datafield>
    <datafield tag="300" ind1=" " ind2=" ">
      <subfield code="a">[2] f., 723 p., [1] p., [4] f.</subfield>
    </datafield>
    <datafield tag="500" ind1=" " ind2=" ">
      <subfield code="a">Legătura: coperţi din lemn învelite în piele; se mai păstrează urmele cheotorilor. Însemnări: coperta 2: 1892. 27/3; o serie de socoteli; foaia de gardă de la sfârşitul cărţii: încercări de condei; [...] 1814 Decembris [text în limba germană şi latină ilizibil]; coperta 3: Aceasta că [...] Gliguri şi ca [...] au legat aceasta ceasluv a beserice Ilie [...] legetor de cărţi 1838. Observaţii: coperta 3 anexat un bilet cu o ştampilă cu textul: Anticariat Sibiu Lei 625. 1192/1 VI 68. (567 BRV)</subfield>
    </datafield>
    <datafield tag="650" ind1=" " ind2=" ">
      <subfield code="a">teologie</subfield>
    </datafield>
    <datafield tag="650" ind1=" " ind2=" ">
      <subfield code="a">cărţi liturgice</subfield>
    </datafield>
    <datafield tag="650" ind1=" " ind2=" ">
      <subfield code="a">carte românească veche</subfield>
    </datafield>
    <datafield tag="650" ind1=" " ind2=" ">
      <subfield code="a">polustav</subfield>
    </datafield>
    <datafield tag="856" ind1=" " ind2=" ">
      <subfield code="u">http://www.dspace.bjastrasibiu.ro/bitstream/123456789/10379/1/BJA_CS_000246_CRV_0001-0739.pdf</subfield>
    </datafield>
    <datafield tag="995" ind1=" " ind2=" ">
      <subfield code="a">Colecţii Speciale - BRV</subfield>
      <subfield code="D">0.01</subfield>
      <subfield code="e">BRV246</subfield>
      <subfield code="F">Sediul_Central_A</subfield>
      <subfield code="j">567 BRV</subfield>
      <subfield code="U">Available</subfield>
      <subfield code="W">Oct 30, 2019</subfield>
      <subfield code="y">BRV246</subfield>
      <subfield code="Z">Împrumut la Sala</subfield>
    </datafield>
  </record>