
  <record>
    <leader>00000nam a2200000 a 4500</leader>
    <controlfield tag="001">BJSB444606</controlfield>
    <controlfield tag="008">191030s1784####|||||||||||||||||#||####u</controlfield>
    <datafield tag="050" ind1=" " ind2=" ">
      <subfield code="a">094.1(498); 264-15; 252.9</subfield>
    </datafield>
    <datafield tag="100" ind1=" " ind2=" ">
      <subfield code="a">Micu Clain, Samuil</subfield>
    </datafield>
    <datafield tag="245" ind1="1" ind2="0">
      <subfield code="a">Propovedanie sau învăţături la îngropăciunea oamenilor morţi. Acum de preotul Samoil Clain de Sad făcute cu bună voinţa celor maimari.</subfield>
      <subfield code="c">Samoil Clain de Sad</subfield>
      <subfield code="h">[Carte tipărită]</subfield>
    </datafield>
    <datafield tag="260" ind1=" " ind2=" ">
      <subfield code="a">Blaj</subfield>
      <subfield code="b">Tiparul Seminarului</subfield>
      <subfield code="c">1784</subfield>
    </datafield>
    <datafield tag="300" ind1=" " ind2=" ">
      <subfield code="a">[2] f., p. 1-108, 111-140 ; 21 cm</subfield>
    </datafield>
    <datafield tag="500" ind1=" " ind2=" ">
      <subfield code="a">Legătură: coperţi din carton recent; cotor legat în piele; colţuri legate în piele. Însemnări: coperta 2 N 13; încercări de condei; fila 2 nenumerotată: A Preotului; p. 1: [...] Mihai [...] Observaţii: paginile 33-40 au fost legate greşit între paginile 24-25; ştampilă ovală cu textul Biblioteca Centrală a Asociaţiunii Sibiu pe coperta 1, p. 37, 75, 115; ştampilă dreptunghiulară cu textul: Biblioteca „Astrei” (Asociaţiunea pentru lit. rom. şi cultura poporului român). Centrala Sibiu Nr. 144 I pe fila de gardă, foaia de titlu, fila 2 nenumerotată, p. 1. (472 BRV)</subfield>
    </datafield>
    <datafield tag="650" ind1=" " ind2=" ">
      <subfield code="a">discursuri funebre</subfield>
    </datafield>
    <datafield tag="650" ind1=" " ind2=" ">
      <subfield code="a">cărţi liturgice</subfield>
    </datafield>
    <datafield tag="650" ind1=" " ind2=" ">
      <subfield code="a">teologie</subfield>
    </datafield>
    <datafield tag="650" ind1=" " ind2=" ">
      <subfield code="a">carte românească veche</subfield>
    </datafield>
    <datafield tag="856" ind1=" " ind2=" ">
      <subfield code="u">http://www.dspace.bjastrasibiu.ro/bitstream/123456789/10540/1/BJA_CS_000072_CRV_0001-0150.pdf</subfield>
    </datafield>
    <datafield tag="995" ind1=" " ind2=" ">
      <subfield code="a">Colecţii Speciale - BRV</subfield>
      <subfield code="D">0.01</subfield>
      <subfield code="e">BRV072</subfield>
      <subfield code="F">Sediul_Central_A</subfield>
      <subfield code="j">472 BRV</subfield>
      <subfield code="U">Available</subfield>
      <subfield code="W">Oct 30, 2019</subfield>
      <subfield code="y">BRV072</subfield>
      <subfield code="Z">Împrumut la Sala</subfield>
    </datafield>
  </record>