
  <record>
    <leader>00000nam a2200000 a 4500</leader>
    <controlfield tag="001">BJSB444603</controlfield>
    <controlfield tag="008">191030s1784####|||||||||||||||||#||####u</controlfield>
    <datafield tag="050" ind1=" " ind2=" ">
      <subfield code="a">094.1(498); 264-15</subfield>
    </datafield>
    <datafield tag="245" ind1="0" ind2="0">
      <subfield code="a">Apostol ce are întru sine, faptele şi poslaniile Apostolilor, cesă citesc în biserica tot deauna. Acum de izvoară tipărit, şi cu mai bune îndreptări diortosit şi adăogit, aşăzat după urmarea celui grecesc. În anul din tâia domnie a Luminatului Domn. Io Mihai Constandin Suţu voevod: cu blagoslovenia şi cu cheltuiala Prea sfinţitului Mitropolit al Ungrovlahiei chiriu chir: Grigorie. Întru a dooazeci şi patru de ani ai arhipăstorii prea sfinţii sale. Sau tipărit la Bucureşti în Tipografia din sfânta...</subfield>
      <subfield code="c">Editor Grigorie Mitropolitul Ungrovlahiei ; tipograf Stanciul Tomovici</subfield>
      <subfield code="h">[Carte tipărită]</subfield>
    </datafield>
    <datafield tag="260" ind1=" " ind2=" ">
      <subfield code="a">București</subfield>
      <subfield code="b">Tipografia Sfintei Mitropolii</subfield>
      <subfield code="c">1784</subfield>
    </datafield>
    <datafield tag="300" ind1=" " ind2=" ">
      <subfield code="a">[4] f., 149 f.</subfield>
    </datafield>
    <datafield tag="500" ind1=" " ind2=" ">
      <subfield code="a">Legătură: coperţi din lemn acoperite cu piele; se mai păstrează urmele cheotorilor. Însemnări: coperta 2: însemnări ilizibile; fila 1 v: În anul 1902-3 şcolar în această comună a fost cantor-învaţiator Augustin Moody. Preparand cu II cursuri din Orade, adeca 1 anu. Am scris în 22 Iuliu c. n. 1903 A. Moody; fila 6 v: Iată această Sfântă carte; fila 8: anume Apostol ou cumpărat; fila 9: Balş Ion cu soţa dumisale anume fila 10: Paraschiva 12 flor(inţi) şi ou dat; fila 11: la beserica Poptelecului; fila 12: slujască dipă iale şi săi fiia; fila 13: pomană, iară de sar întâmpla din; fila 14: sămânţă sau din fii lor să înveţe; fila 15: carte să le poată ajunge şi stăpâni; fila 16: iară cine sar afla săle streineze; fila 17: sau să le fore dela neamul(?) acesta mai sus; fila 18: scris să fiia afurisit de cei 318 sfinţi; fila 19: părinţi. An Dom 1792; fila 20: în luna lui mai în 7 zile; fila 48 v: Aminu; fila 102: Candu Isusu au; fila 140: [...] la Sânziene; fila 149: însemnări ilizibile. Observaţii: numeroase pete de ceară pe mai multe file. (466 BRV)</subfield>
    </datafield>
    <datafield tag="650" ind1=" " ind2=" ">
      <subfield code="a">cărţi liturgice</subfield>
    </datafield>
    <datafield tag="650" ind1=" " ind2=" ">
      <subfield code="a">teologie</subfield>
    </datafield>
    <datafield tag="650" ind1=" " ind2=" ">
      <subfield code="a">Apostol (carte)</subfield>
    </datafield>
    <datafield tag="650" ind1=" " ind2=" ">
      <subfield code="a">carte românească veche</subfield>
    </datafield>
    <datafield tag="856" ind1=" " ind2=" ">
      <subfield code="u">http://www.dspace.bjastrasibiu.ro/bitstream/123456789/10537/1/BJA_CS_000021_CRV_0001-0310.pdf</subfield>
    </datafield>
    <datafield tag="995" ind1=" " ind2=" ">
      <subfield code="a">Colecţii Speciale - BRV</subfield>
      <subfield code="D">0.01</subfield>
      <subfield code="e">BRV021</subfield>
      <subfield code="F">Sediul_Central_A</subfield>
      <subfield code="j">466 BRV</subfield>
      <subfield code="U">Available</subfield>
      <subfield code="W">Oct 30, 2019</subfield>
      <subfield code="y">BRV021</subfield>
      <subfield code="Z">Împrumut la Sala</subfield>
    </datafield>
  </record>