
  <record>
    <leader>00000nam a2200000 a 4500</leader>
    <controlfield tag="001">BJSB444601</controlfield>
    <controlfield tag="008">191030s1786####|||||||||||||||||#||####u</controlfield>
    <datafield tag="050" ind1=" " ind2=" ">
      <subfield code="a">094.1(498); 264-15</subfield>
    </datafield>
    <datafield tag="245" ind1="0" ind2="0">
      <subfield code="a">Antologhion ce coprinde întru sine rânduiala slujbei tuturor dumnezeeştilor praznice. Și ale sfinţilor celor numiţi. Și ale sfinţilor de obşte de peste tot anul. Acum de iznoavă dat în stambă asemenea după izvodul celui tipărit la leat 1777. Dar cu mai bune îndreptări diortosit. În anul dintâi din întâia domnie a Prea Luminatului domn Io Nicolae Petru Mavrogheni voevod. Cu blagoslovenia şi cu cheltuiala Prea Sfântului Mitropolit al Ungrovlahiei chiriu chir Grigorie. Întru al 26 de ani...</subfield>
      <subfield code="c">Editor Grigorie, Mitropolitul Ungrovlahiei ; tipograf Stanciul Tomovici</subfield>
      <subfield code="h">[Carte tipărită]</subfield>
    </datafield>
    <datafield tag="260" ind1=" " ind2=" ">
      <subfield code="a">București</subfield>
      <subfield code="b">Editura Sfintei Mitropolii</subfield>
      <subfield code="c">1786</subfield>
    </datafield>
    <datafield tag="300" ind1=" " ind2=" ">
      <subfield code="a">[2] f., f. 1-526, 538-572 ; 32 cm</subfield>
    </datafield>
    <datafield tag="500" ind1=" " ind2=" ">
      <subfield code="a">Legătura: coperţi din lemn învelite în piele; se mai păstrează urmele cheotorilor. Însemnări: fila 118 v: Această Sfântă şi Dumnezeiască; fila 119: carte ce să chiamă Minei (?); fila 120: adecă Floarea bisericii; fila 121: sau cumpărat dumnealor (?); fila 122: Bucur Şchiopu şi [...] şi [...]; fila 123: sau cumpărat cu flor(inţi) 22 ungureşti (?); fila 124: şi sau dat Hramului Sfântului; fila 125: Nicolae în Merchiaşa; fila 126: ca să aibă pomenire dumnealui (?); fila 127: şi tot neamul dumnealor; fila 128: şi cine ar îndrăzni a o fura; fila 129: sau a o înstreina dela Sfânta; fila 130: biserică mai sus numită; fila 131: să fie blestemat şi afurisit (?); fila 132: de 318 sfinţi părinţi ai; fila 133: Nichia a Sinodului (?) [...]; fila 134: popa Adam Buşilă paroh la; fila 136: Merchiaşa ano 1797 26 ianuar; fila 510: Niculae Bucsia şi Ioan Pelei cantorii 1887; fila de gardă: Niculae Bucsia cantor; fila de gardă v:  Niculae Bucsia cantor. Observaţii: lipseşte fila 537; Bibliografia Românească Veche menţionează peste 570 de file; ultima filă este 572; numeroase pete de ceară pe mai multe file. (498 BRV)</subfield>
    </datafield>
    <datafield tag="650" ind1=" " ind2=" ">
      <subfield code="a">cărţi liturgice</subfield>
    </datafield>
    <datafield tag="650" ind1=" " ind2=" ">
      <subfield code="a">antologhion</subfield>
    </datafield>
    <datafield tag="650" ind1=" " ind2=" ">
      <subfield code="a">carte românească veche</subfield>
    </datafield>
    <datafield tag="650" ind1=" " ind2=" ">
      <subfield code="a">teologie</subfield>
    </datafield>
    <datafield tag="856" ind1=" " ind2=" ">
      <subfield code="u">http://www.dspace.bjastrasibiu.ro/bitstream/123456789/10270/1/BJA_CS_000024_CRV_0001-1152.pdf</subfield>
    </datafield>
    <datafield tag="995" ind1=" " ind2=" ">
      <subfield code="a">Colecţii Speciale - BRV</subfield>
      <subfield code="D">0.01</subfield>
      <subfield code="e">BRV024</subfield>
      <subfield code="F">Sediul_Central_A</subfield>
      <subfield code="j">498 BRV</subfield>
      <subfield code="U">Available</subfield>
      <subfield code="W">Oct 30, 2019</subfield>
      <subfield code="y">BRV024</subfield>
      <subfield code="Z">Împrumut la Sala</subfield>
    </datafield>
  </record>