
  <record>
    <leader>00000nam a2200000 a 4500</leader>
    <controlfield tag="001">BJSB444600</controlfield>
    <controlfield tag="008">191030s1789####|||||||||||||||||#||####u</controlfield>
    <datafield tag="050" ind1=" " ind2=" ">
      <subfield code="a">094.1(498); 264-15</subfield>
    </datafield>
    <datafield tag="245" ind1="0" ind2="0">
      <subfield code="a">Catihisis mic sau scurtată pravoslavnică mărturisire a legii greceşti neunite, pentru trebuinţa pruncilor celor neuniţi rumâneşti, făcută, şi dela neunitul episcopescul în Carloveţ la anul 1774 ţinutul sinod întărit şi cu întărirea arhiepiscopului, şi metropolitului tipărit =Kleiner Katechismus oder Kurze, und achte Bekenntniss der Griechischen nicht unitten Religion. Zum Gebrauche der nicht unirten Wallachischen Jugend. Berfasset, und von dem im jahre 1774 in Carlowiz abgehalten nicht unirten...</subfield>
      <subfield code="h">[Carte tipărită]</subfield>
    </datafield>
    <datafield tag="260" ind1=" " ind2=" ">
      <subfield code="a">Sibiu</subfield>
      <subfield code="b">Tipografia Petru Bart</subfield>
      <subfield code="c">1789</subfield>
    </datafield>
    <datafield tag="300" ind1=" " ind2=" ">
      <subfield code="a">162 p. ; 17 cm</subfield>
    </datafield>
    <datafield tag="500" ind1=" " ind2=" ">
      <subfield code="a">Legătura: coperta 1, carton recent marmorat; lipsă coperta 2. Observaţii: ştampilă dreptunghiulară cu textul Biblioteca „Astrei” (Asociaţiunea pentru lit. rom. şi cultura poporului român). Centrala Sibiu Nr. 317 I a pe p. 3, 81;  ştampilă ovală cu textul: Biblioteca Asociat. Tranne. Rom. P. Cult. Şi. Lit. Pop. Rom pe p. 162. (523 BRV)</subfield>
    </datafield>
    <datafield tag="650" ind1=" " ind2=" ">
      <subfield code="a">cărţi liturgice</subfield>
    </datafield>
    <datafield tag="650" ind1=" " ind2=" ">
      <subfield code="a">teologie</subfield>
    </datafield>
    <datafield tag="650" ind1=" " ind2=" ">
      <subfield code="a">carte românească veche</subfield>
    </datafield>
    <datafield tag="856" ind1=" " ind2=" ">
      <subfield code="u">http://www.dspace.bjastrasibiu.ro/bitstream/123456789/10541/1/BJA_CS_000074_CRV_0001-0164.pdf</subfield>
    </datafield>
    <datafield tag="995" ind1=" " ind2=" ">
      <subfield code="a">Colecţii Speciale - BRV</subfield>
      <subfield code="D">0.01</subfield>
      <subfield code="e">BRV074</subfield>
      <subfield code="F">Sediul_Central_A</subfield>
      <subfield code="j">523 BRV</subfield>
      <subfield code="U">Available</subfield>
      <subfield code="W">Oct 30, 2019</subfield>
      <subfield code="y">BRV074</subfield>
      <subfield code="Z">Împrumut la Sala</subfield>
    </datafield>
  </record>