
  <record>
    <leader>00000nam a2200000 a 4500</leader>
    <controlfield tag="001">BJSB444587</controlfield>
    <controlfield tag="008">191030s1781####|||||||||||||||||#||####u</controlfield>
    <datafield tag="050" ind1=" " ind2=" ">
      <subfield code="a">094.1(498); 264-15</subfield>
    </datafield>
    <datafield tag="245" ind1="0" ind2="0">
      <subfield code="a">Minologhion care cuprinde întru sine rânduiala dumnezeeştilor praznice, şi ale Stăpânei de Dumnezeu Născătoarei, şi Pururea Fecioarei Mariei. Și ale sfinţilor celor numiţi, ce să prăznuesc preste an, şi ale sfinţilor de obşte în fieşte care zi. Acum întâiu tipărit rumâneşte supt stăpânirea Prea Înălţatului Înpărat al romanilor. Iosif al doilea. Craiul apostolicesc. Mare Prinţip al Ardealului. Iproci: cu blagoslovenia Exţelenţiei sale Prea Luminatului Domn Gavril Grigorie Maer: Episcopul Făgăraşului...</subfield>
      <subfield code="c">Editor Gavril Grigorie Maer, Episcopul Făgărașului</subfield>
      <subfield code="h">[Carte tipărită]</subfield>
    </datafield>
    <datafield tag="260" ind1=" " ind2=" ">
      <subfield code="a">Blaj</subfield>
      <subfield code="b">Tiparul Seminarului</subfield>
      <subfield code="c">1781</subfield>
    </datafield>
    <datafield tag="300" ind1=" " ind2=" ">
      <subfield code="a">[1] f., p. 1-156, [6] f., p. 157-1149, 63 p. ; 44 cm</subfield>
    </datafield>
    <datafield tag="500" ind1=" " ind2=" ">
      <subfield code="a">Greşeli de paginaţie: p. 226 e numerotată 224; p. 386 e numerotată 391; p. 391 e numerotată 387; p. 431 e numerotată 429; p. 462 e numerotată 464; p. 490 e numerotată 500 (paginaţia continuă greşit); p. 589 e numerotată 593; p. 592 e numerotată 588; p. 611 e numerotată 607p. 618 e numerotată 606; p. 682 e numerotată 681; p. 694 e numerotată 695; p. 695 e numerotată 694; p. 715 e numerotată 714; p. 792 e numerotată 782; p. 868 e numerotată 872; p. 871 e numerotată 868; p. 872 e numerotată 873; p. 985 e numerotată 975; p. 1006 e numerotată 1011; p. 1007 e numerotată 1011; p. 1008 e numerotată 1012 (paginaţia continuă greşit); p. 1018 e numerotată 1026; p. 1025 e numerotată 1033; p. 1026 e numerotată 1022; p. 1033 e numerotată 1029; p. 1079 e numerotată 1080; p. 1080 e numerotată 1081; p. 1083 e numerotată 1084; p. 1088 e numerotată 1089; p. 1123 e numerotată 1129; p. 1128 e numerotată 1122; p. 1142 e numerotată 1122; p. 1144 e numerotată 1140; p. 51 e numerotată 55; p. 54 e numerotată 50. Legătura: coperţi din lemn legate în piele; ornamente florale şi geometrice; coperta 1, un medalion în centru alături de cei patru evanghelişti dispuşi în colţurile coperţii; se mai păstrează cheotorile, parţial deteriorate. Însemnări: fila de gardă: Aceasta sta Carte este a Stei Beserici din [...] Poptelec 1868 martie 15 Georgiu Sarbu [...]; foaia de gardă v: Demian Vasilica din Poptelec cu Moise Morisca din Cuciu (?); Nilas Samoilă din Brediu cu Boaru (?) Masim; fila de titlu: Csenian Theodor cantor în Poptelec din ano 1844 Aprilie 16 scrisam 1870 în Deciem 27 s.v.; p. 2: Aceasta sta Carte este a stei; p. 3: besereci din Poptelecu 186(...) Martie 15 [...] Georgiu paroh(?); p. 176: Tropariu glas 3; p. 547: Poptelecu Silv:; p. 552: catu eşti împăratul [...]; p. 621: În ziua de bobotează la sfinţirea cea mare a apei; p. 833: Buna vestire 25 martie; p. 845: Baboş Ionică (?) Opriş Grigor din Poptelec Silvanie; p. 63 (II) v: am scris in al 25 Dechemvrie 1872; coperta 3 (însemnare păstrată parţial): [...] Soptelec cantore din [...] scrisam 1867 Iulie 22 [...]. Observaţii: pete de ceară pe numeroase file; între paginile 156 şi 157 au fost intercalate 6 file nenumerotate (nemenţionate de Bibliografia Românească Veche). (448 BRV)</subfield>
    </datafield>
    <datafield tag="650" ind1=" " ind2=" ">
      <subfield code="a">carte românească veche</subfield>
    </datafield>
    <datafield tag="650" ind1=" " ind2=" ">
      <subfield code="a">cărţi liturgice</subfield>
    </datafield>
    <datafield tag="650" ind1=" " ind2=" ">
      <subfield code="a">minologhion</subfield>
    </datafield>
    <datafield tag="856" ind1=" " ind2=" ">
      <subfield code="u">http://www.dspace.bjastrasibiu.ro/bitstream/123456789/10535/1/BJA_CS_000020_BRV_0001-1220.2.pdf</subfield>
    </datafield>
    <datafield tag="995" ind1=" " ind2=" ">
      <subfield code="a">Colecţii Speciale - BRV</subfield>
      <subfield code="D">0.01</subfield>
      <subfield code="e">BRV020</subfield>
      <subfield code="F">Sediul_Central_A</subfield>
      <subfield code="j">448 BRV</subfield>
      <subfield code="U">Available</subfield>
      <subfield code="W">Oct 30, 2019</subfield>
      <subfield code="y">BRV020</subfield>
      <subfield code="Z">Împrumut la Sala</subfield>
    </datafield>
  </record>