
  <record>
    <leader>00000nam a2200000 a 4500</leader>
    <controlfield tag="001">BJSB444574</controlfield>
    <controlfield tag="008">191030s1779####|||||||||||||||||#||####u</controlfield>
    <datafield tag="050" ind1=" " ind2=" ">
      <subfield code="a">094.1(498); 264-15</subfield>
    </datafield>
    <datafield tag="245" ind1="0" ind2="0">
      <subfield code="a">Mineiul luna lui ianuarie care sau tipărit acum întâiu rumâneşte, în zilele Prea Luminatului Domn Ioan Alexandru Psilant voevod cu blagoslovenia Prea Sfinţitului Mitropolit al Ungrovlahiei chir Grigorie prin nevoinţa şi tălmăcirea, iubitoriului de Dumnezeu chir Chesarie Episcopul Râmnicului. În Sfânta Episcopie a Râmnicului: la anul dela Hs: 1779. de Popa Constandin tipograful Râm. şi de Popa Constandin Mihailo vil. tip.</subfield>
      <subfield code="c">Editor Grigorie Mitropolitul Ungrovlahiei ; trad. de Chesarie, Episcopul Râmnicului</subfield>
      <subfield code="h">[Carte tipărită]</subfield>
    </datafield>
    <datafield tag="250" ind1=" " ind2=" ">
      <subfield code="a">Ed. 1</subfield>
    </datafield>
    <datafield tag="260" ind1=" " ind2=" ">
      <subfield code="a">Râmnic</subfield>
      <subfield code="b">Sfânta Episcopie a Râmnicului</subfield>
      <subfield code="c">1779</subfield>
    </datafield>
    <datafield tag="300" ind1=" " ind2=" ">
      <subfield code="a">[4] f., 253 f. ; 41 cm</subfield>
    </datafield>
    <datafield tag="500" ind1=" " ind2=" ">
      <subfield code="a">Greşeli de paginaţie: fila 194 e numerotată 193; fila 210 e numerotată 209; fila 214 e numerotată 213; fila 218 e numerotată 216; fila 228 e numerotată 227. Legătura: coperţi din lemn legate în piele; coperta 1: scena Maica Domnului cu pruncul încadrată de un chenar cu motive geometrice şi florale; se mai păstrează urmele cheotorilor. Însemnări: coperta 2: Cu inima de durere vestim tuturor Budenilor şi cunoscuţilor că iubitul nostru soţ [...] cumnat unchiu; fila 4 nenumerotată v: cela ce va ceti să cină să erte păcatele cele a [...] în viaţă. P. Teodoreanu; fila 3: Gheorghe Gheorghe [...] 188 1889/1890; fila 72 v: [...] 1836 [...]; fila 185: P. Teodoreanu; fila 233 v: Scris eu dascălu Vasile Pricup (?); fila 234: Scrisam eu Dascălu Vasile preot (?). Observaţii: coperta 3 ştampilă cu textul: Anticariat Lei 1500; fila 253 v, anexat un bilet cu textul: Sfintei monastiri Neamţu; numeroase pete de ceară pe multe file. (420 BRV)</subfield>
    </datafield>
    <datafield tag="650" ind1=" " ind2=" ">
      <subfield code="a">carte românească veche</subfield>
    </datafield>
    <datafield tag="650" ind1=" " ind2=" ">
      <subfield code="a">cărţi liturgice</subfield>
    </datafield>
    <datafield tag="650" ind1=" " ind2=" ">
      <subfield code="a">mineie</subfield>
    </datafield>
    <datafield tag="995" ind1=" " ind2=" ">
      <subfield code="a">Colecţii Speciale - BRV</subfield>
      <subfield code="D">0.01</subfield>
      <subfield code="e">BRV517</subfield>
      <subfield code="F">Sediul_Central_A</subfield>
      <subfield code="j">420 BRV</subfield>
      <subfield code="U">Available</subfield>
      <subfield code="W">Oct 30, 2019</subfield>
      <subfield code="y">BRV517</subfield>
      <subfield code="Z">Împrumut la Sala</subfield>
    </datafield>
  </record>