
  <record>
    <leader>00000nam a2200000 a 4500</leader>
    <controlfield tag="001">BJSB444571</controlfield>
    <controlfield tag="008">191030s1780####|||||||||||||||||#||####u</controlfield>
    <datafield tag="050" ind1=" " ind2=" ">
      <subfield code="a">094.1(498); 264-15</subfield>
    </datafield>
    <datafield tag="245" ind1="0" ind2="0">
      <subfield code="a">Mineiul luna lui iulie carele sau tipărit acum întâiu rumâneşte, în zilele Prea Luminatului Domn Io Alexandru Psilant voevod cu blagoslovenia Prea Sfinţitului Mitropolit al Ungrovlahiei chir Grigorie prin nevoinţa şi tălmăcirea, iubitoriului de Dumnezeu chir Filaret Episcopul Râmnicului. În Sfânta Episcopie a Râmnicului. La anul dela Hs 1780. De Popa Constandin tipograful Râm. şi de Popa Constandin Mihailovici tip.</subfield>
      <subfield code="c">Editor Grigorie, Mitropolitul Ungrovlahiei ; trad. de Filaret, Episcopul Râmnicului</subfield>
      <subfield code="h">[Carte tipărită]</subfield>
    </datafield>
    <datafield tag="250" ind1=" " ind2=" ">
      <subfield code="a">Ed. 1</subfield>
    </datafield>
    <datafield tag="260" ind1=" " ind2=" ">
      <subfield code="a">Râmnic</subfield>
      <subfield code="b">Sfânta Episcopie a Râmnicului</subfield>
      <subfield code="c">1780</subfield>
    </datafield>
    <datafield tag="300" ind1=" " ind2=" ">
      <subfield code="a">[2] f., 185 f. ; 41 cm</subfield>
    </datafield>
    <datafield tag="500" ind1=" " ind2=" ">
      <subfield code="a">Greşeli de paginaţie: fila 102 e numerotată 103. Legătura: coperţi din lemn învelite în piele. Însemnări: fila de titlu: [...] da [...] să precestea [...] (însemnare ilizibilă distrusă parţial la compactare; fila 15 v: [...] pentru să dea au fost [...] (însemnări ilizibile, distruse parţial la compactarea cărţii); fila 98 v: Astăz Anul 1899 Ianuarie 12. Am scris eu aici pentru ţinerea de minte şi pentru pomenire căci mâna o putrezi şi condeiu o rugini dar scriusoarea o rămâne mai multă pe lume; eu Numitul mai jos Kântăretu al II-lea al Bisărici aceştia D-lui Nicolai din acest oraşi Caracăl. Persoana mea adecă Petru M. Popescu este născut în comuna almăjelu din Plasa[...] Câmpu judeţul Mehedinţi şi absolvind şcoala de kântăreţ din oraşiul Turnu Severin pe anul 1896 astăz în luna şi anu zis de mai sus mă aflu Cântăreţu aici la această sfânta Besă[rică]. Altă pomenire nu mai poci lăsa de cât cu Iubire sămnătura mea Petru M. Popescu scriitor român curat şi vrea ca drept (pomenire) răsplată numai dulcea pomenire; fila 149: 860 Iulie 25 Tace Neguta Caracalena; fila 150: Neguta. Neguta; fila 162 v: 863 Iulie Pantelimonu si Neguţu; fila 163: Dasca lui acestu sfânta beserica; fila 185: [...]; fila 185 v: însemnare ilizibilă, distrusă parţial la compactarea cărţii; fila de gardă de la sfârşitul cărţii: 860 Iulie Tace Neguţă caracalenă. Observaţii: numeroase pete de ceară pe mai multe file; fila de gardă de la sfârşitul cărţii, ştampilă cu textul: Anticariat Sibiu Lei 625. (436 BRV)</subfield>
    </datafield>
    <datafield tag="650" ind1=" " ind2=" ">
      <subfield code="a">cărţi liturgice</subfield>
    </datafield>
    <datafield tag="650" ind1=" " ind2=" ">
      <subfield code="a">mineie</subfield>
    </datafield>
    <datafield tag="650" ind1=" " ind2=" ">
      <subfield code="a">carte românească veche</subfield>
    </datafield>
    <datafield tag="856" ind1=" " ind2=" ">
      <subfield code="u">http://www.dspace.bjastrasibiu.ro/bitstream/123456789/10645/1/BJA_CS_000325_BRV_0001-0382.pdf</subfield>
    </datafield>
    <datafield tag="995" ind1=" " ind2=" ">
      <subfield code="a">Colecţii Speciale - BRV</subfield>
      <subfield code="D">0.01</subfield>
      <subfield code="e">BRV325</subfield>
      <subfield code="F">Sediul_Central_A</subfield>
      <subfield code="j">436 BRV</subfield>
      <subfield code="U">Available</subfield>
      <subfield code="W">Oct 30, 2019</subfield>
      <subfield code="y">BRV325</subfield>
      <subfield code="Z">Împrumut la Sala</subfield>
    </datafield>
  </record>