
  <record>
    <leader>00000nam a2200000 a 4500</leader>
    <controlfield tag="001">BJSB444565</controlfield>
    <controlfield tag="008">191030s1780####|||||||||||||||||#||####u</controlfield>
    <datafield tag="050" ind1=" " ind2=" ">
      <subfield code="a">094.1(498); 264-15</subfield>
    </datafield>
    <datafield tag="245" ind1="0" ind2="0">
      <subfield code="a">Mineiul luna lui aprilie carele sau tipărit acum întâi rumâneşte, în zilele Prea Luminatului Ioan Alexandru Psilant voevod cu blagoslovenia Prea sfinţitului Mitropolit al Ungrovlahiei, iobitoriului de Dumnezeu chir Filaret Episcopul Râmnicului. În Sfânta Episcopie a Râmnicului. La anul dela Hs 1780. De Popa Constandin tipograful Râm. Și de Popa Constandin Mihailovici tip.</subfield>
      <subfield code="c">Editor Grigorie, Mitropolitul Ungrovlahiei; trad. de Filaret, Episcopul Râmnicului</subfield>
      <subfield code="h">[Carte tipărită]</subfield>
    </datafield>
    <datafield tag="250" ind1=" " ind2=" ">
      <subfield code="a">Ed. 1</subfield>
    </datafield>
    <datafield tag="260" ind1=" " ind2=" ">
      <subfield code="a">Râmnic</subfield>
      <subfield code="b">Sfânta Episcopie a Râmnicului</subfield>
      <subfield code="c">1780</subfield>
    </datafield>
    <datafield tag="300" ind1=" " ind2=" ">
      <subfield code="a">[2] f., f. 1-52, 54-55, 57-71, 64-117, 120-124, 126-133, 136, 138-139, 141-143 ; 41 cm</subfield>
    </datafield>
    <datafield tag="500" ind1=" " ind2=" ">
      <subfield code="a">Legătură: coperţi din lemn învelite în piele; coperta 1: scena Răstignirii încadrată de un chenar cu motive florale geometrice; se mai păstrează urmele cheotorilor Însemnări: fila de gardă v: Tot ceia ce face şi să vadă (?) mare se va chiema întru înpărăţia lui Dumnezeu. Iară cel ce va strica strica-l-va şi pre acela Dumnezeu. Scris-am eu Iosif Mihaile[...] la anul Domnului 1845 în luna lui iunie în 17 zile. Amin; Această carte este a bisericii din Dăişoara; fila de gardă de la sfârşitul cărţii: aceasta carte este a beserici greco orientala din filiea Jimboru. Ioan Ros[...] Parohu greco oriental in Zimboru; fila de gardă de la sfârşitul cărţii v: meneu pe luna lui [...] ; Această cartie este a bisericii o scris Gheorghe [...] din Dăişoareu April; încercări de condei; coperta 3: Tranu [...] Popoviciu (?) 1795 [...]. Observaţii: au fost legate greşit filele 124, 120, 122, 123, 126; ştampilă dreptunghiulară cu textul: Biblioteca „Astrei” (Asociaţiunea pentru lit. rom. şi cultura poporului român). Centrala Sibiu Nr. 8534; pete de ceară pe mai multe file; de coperta 1 anexat un bilet cu următorul text: Expoziţia „Asociaţiunii”. Nr. 1984. (Desp. Ga. Secţiunea........). Denumirea şi originea obiectului. Un mineiu vechiu pe luna Aprilie. Proprietarul Ioan Bercan preot Merchiaşa. (Donat pentru Muzeul „Asociaţiunii). (433 BRV)</subfield>
    </datafield>
    <datafield tag="650" ind1=" " ind2=" ">
      <subfield code="a">carte românească veche</subfield>
    </datafield>
    <datafield tag="650" ind1=" " ind2=" ">
      <subfield code="a">mineie</subfield>
    </datafield>
    <datafield tag="650" ind1=" " ind2=" ">
      <subfield code="a">cărţi liturgice</subfield>
    </datafield>
    <datafield tag="856" ind1=" " ind2=" ">
      <subfield code="u">http://www.dspace.bjastrasibiu.ro/bitstream/123456789/10330/1/BJA_CS_000019_CRV_0001-0276.pdf</subfield>
    </datafield>
    <datafield tag="995" ind1=" " ind2=" ">
      <subfield code="a">Colecţii Speciale - BRV</subfield>
      <subfield code="D">0.01</subfield>
      <subfield code="e">BRV019</subfield>
      <subfield code="F">Sediul_Central_A</subfield>
      <subfield code="j">433 BRV</subfield>
      <subfield code="U">Available</subfield>
      <subfield code="W">Oct 30, 2019</subfield>
      <subfield code="y">BRV019</subfield>
      <subfield code="Z">Împrumut la Sala</subfield>
    </datafield>
  </record>