
  <record>
    <leader>00000nam a2200000 a 4500</leader>
    <controlfield tag="001">BJSB444560</controlfield>
    <controlfield tag="008">191030s1779####|||||||||||||||||#||####u</controlfield>
    <datafield tag="050" ind1=" " ind2=" ">
      <subfield code="a">094.1(498); 264-15</subfield>
    </datafield>
    <datafield tag="245" ind1="0" ind2="0">
      <subfield code="a">Mineiul luna lui martie carele sau tipărit acum întâiu rumâneşte, în zilele Prea Luminatului Domn Io Alexandru Ipsilant voevod cu blagoslovenia Prea Sfinţitului Mitropolit al Ungrovlahiei chir Grigorie. Prin nevoinţa şi tălmăcirea, iubitoriului de Dumnezeu chir Chesarie. Episcopul Râmnicului. În Sfânta Episcopie a Râmnicului. La anul dela Hs: 1779. De Popa Constandin tipograful Râm: şi de Popa Constandin Mihailovici tip.</subfield>
      <subfield code="c">Editor Grigorie, Mitropolitul Ungrovlahiei ; trad. de Chesarie, Episcopul Râmnicului</subfield>
      <subfield code="h">[Carte tipărită]</subfield>
    </datafield>
    <datafield tag="250" ind1=" " ind2=" ">
      <subfield code="a">Ed. 1</subfield>
    </datafield>
    <datafield tag="260" ind1=" " ind2=" ">
      <subfield code="a">Râmnic</subfield>
      <subfield code="b">Sfânta Episcopie a Râmnicului</subfield>
      <subfield code="c">1779</subfield>
    </datafield>
    <datafield tag="300" ind1=" " ind2=" ">
      <subfield code="a">[4] f., 151 f. ; 40 cm</subfield>
    </datafield>
    <datafield tag="500" ind1=" " ind2=" ">
      <subfield code="a">Legătura: lipsesc coperţile, se află în folie de protecţie. Însemnări: fila 61: Scrisam eu dascălu George din [...]; fila 87 v: încercări de condei; fila 88: cu plecăciune măriei dumitale; fila 151 v: [...]; Această sar şi [...] necula [...] şi dor dragoste. Observaţii: ultima filă v, ştampilă cu textul: Anticariat Nr. 1 Lei 500; pete de ceară pe mai multe file. (422 BRV)</subfield>
    </datafield>
    <datafield tag="650" ind1=" " ind2=" ">
      <subfield code="a">cărţi liturgice</subfield>
    </datafield>
    <datafield tag="650" ind1=" " ind2=" ">
      <subfield code="a">mineie</subfield>
    </datafield>
    <datafield tag="650" ind1=" " ind2=" ">
      <subfield code="a">carte românească veche</subfield>
    </datafield>
    <datafield tag="856" ind1=" " ind2=" ">
      <subfield code="u">http://www.dspace.bjastrasibiu.ro/bitstream/123456789/10666/1/BJA_CS_000424_BRV_0001-0310.pdf</subfield>
    </datafield>
    <datafield tag="995" ind1=" " ind2=" ">
      <subfield code="a">Colecţii Speciale - BRV</subfield>
      <subfield code="D">0.01</subfield>
      <subfield code="e">BRV424</subfield>
      <subfield code="F">Sediul_Central_A</subfield>
      <subfield code="j">422 BRV</subfield>
      <subfield code="U">Available</subfield>
      <subfield code="W">Oct 30, 2019</subfield>
      <subfield code="y">BRV424</subfield>
      <subfield code="Z">Împrumut la Sala</subfield>
    </datafield>
  </record>