
  <record>
    <leader>00000nam a2200000 a 4500</leader>
    <controlfield tag="001">BJSB444556</controlfield>
    <controlfield tag="008">191030s1768####|||||||||||||||||#||####u</controlfield>
    <datafield tag="050" ind1=" " ind2=" ">
      <subfield code="a">094.1(498); 264-15</subfield>
    </datafield>
    <datafield tag="245" ind1="0" ind2="0">
      <subfield code="a">Cazanii ce cuprinde în sine evangheliile tâlcuite ale duminecilor de preste an, şi cu cazaniile sinaxariului praznicelor înpărăteşti, şi ale sfinţilor celor mari, a 12 luni de preste an, care acum a 2 oară sau tipărit în zilele Prea Luminatului Domn Io Alexandru Scarlat Ghica vvod. Întru întâia domnie. Cu blagoslovenia şi toată chieltuiala Prea sfinţitului Mitropolit a Ungrovlahiei chir: Grigorie în Sfânta Mitropolie în Bucureşti. La anul dela zidirea lumii 7276. Iară dela întruparea Domnului 1768</subfield>
      <subfield code="c">Editor Grigorie, Mitropolitul Ungrovlahiei</subfield>
      <subfield code="h">[Carte tipărită]</subfield>
    </datafield>
    <datafield tag="250" ind1=" " ind2=" ">
      <subfield code="a">Ed. a 2-a</subfield>
    </datafield>
    <datafield tag="260" ind1=" " ind2=" ">
      <subfield code="a">București</subfield>
      <subfield code="b">Sfânta Mitropolie din București </subfield>
      <subfield code="c">1768</subfield>
    </datafield>
    <datafield tag="300" ind1=" " ind2=" ">
      <subfield code="a">[2] f., 414 f. ; 37 cm</subfield>
    </datafield>
    <datafield tag="500" ind1=" " ind2=" ">
      <subfield code="a">Legătura: coperţi din carton recent. Însemnări: fila de gardă de la începutul cărţii: [...]; Priceasnă. Ridica mi voi ochi mei spre ceruri / De unde va veni ajutorul (?) meu / De la Dumnezeu / Cel ce a făcut ceriu şi pămantulu / Aliluia. Aliluia. Ali aliluia. Baba Teodor; Doamne strigatam cătră Tine auzimă. Auzimă Doamne. Să se îndrepteze rugăciunea mea / Ca [...] înaintea Ta / Ridicarea manelor mele / [...] de seară / Auzimă Doamne; fila 2 nenumerotată: Dumnezeu e Domnul şi s a arătat [...]; fila 32: Doamne strigatam cătră tine auzimă Auzimă Doamne; fila 55: Dumnezeu e Dl şi ni sa arătat noauă; fila 59: Lăudaţi pe Dl dzeul nostru Şi vă-n chinaţi [...] sfânt este Domnul; fila 68 v: Peatra care au sigilat jidovi aceasta sa pus in capul unghiului dela Dl s a făcut aceastaşi este [...] ochii noştri; Dumnezeu e Domnul şi s a arătat noauă. Bine este cuvântat cel ce [...] Domnului; fila 112: Ridicavoi ochii mei spre ceruri de unde va veni ajutorul meu. De la la Dzeul. Baba Teodor; fila 123: La D. Strigatam Dzeu şi ni să arătat noauă; fila 166 v: Baba Teodor Micu com. Sazszentiacol (?); fila 198: Ioan Man cantor din 1923; fila 217: . Sazszentiacol  Sazszentiacol Sazszentiacol; fila 335 v: Ioan Russ Bitiu in anu 1872 Dumnedeu si domnul [...]; Ioan Russ Bitin Dumnedeu anu 1879 Russ Ioan; fila 272 v: Săimbolmas (?) Dumitru invatietoriu si cantorii in [...] in anii 1883/5. Dărutu si mie Domnului preste noi să fie amin; fila 358 v: Ioan Lemeni Lemeni; fila de gardă de la sfârşitul cărţii: Teodor Baba Micu Szasz Szentyakob Szolnok Doboka Varmege. Troparele paştelor. Glas VIII Dintru înălţime teai pogorât îndurate / Şi-n mormantare ai luat de trei zile / Ca să ne slobozeşti pre noi din patimi / Cela ce eşti viaţa şi invierea noastră / Doamne mărire ţie; La mulţimea faptelor mele. Celor rele cugetând eu ticălosul. Mă cutremur de înfricoşata ziua judecăţi. Deci îndrăznind la mila îndurerilor tale. Ca David strig ţie pomeneşte Doamne întru împărăţia Ta. Baba; fila de gardă de la sfârşitul cărţii v: Priceasnă. Spune-mi mie Doamne / Sfarşitul meu / Şi numărul zilelor mele / Ca să înţăleg de ce mă feresc eu / Omul este praf şi pulbere / Pe care îl bat toate vânturile / fără sufletul din el / Este o schinteie. Pe care o vei judeca / Tu Doamne. Aliluia. Aliluia. Alui, aliluia; Priceasnă. Nedejdea mea e numai la tine Doamne / Căci tu ai zis. Când teai pogorât la noi / Veniţi la mine. Voi cei osteniţi / Şi însăninaţi. Şi eu vă voi odihni pre voi / Aliluia Aliluia. Ali, ali, luia; Priceasnă. La râul Babilonului. Acolo am şezut şi am plâns / Când neam adus aminte / De, Sion, de Tine, Doamne / Săse lipească limba mea / De gatlejul meu. Dacă voi uita / De Sion. De Tine Sioane. Szasz Szentyakob. 18 Ianurie 1942. Baba Teodor; coperta 3: O [...] ca iarba / Zilele lui ca floarea / Că vânt va trece pe / şi nu [...] va mai [...]; Szasz szentyakob. Observaţii: fila 329 a fost legată greşit între filele 331-333; fila 330 a fost legată greşit între filele 332-331; fila 331 a fost legată greşit între filele 330-329; pe coperta 3 apare preţul de achiziţie al cărţii (?) 625. (356 BRV)</subfield>
    </datafield>
    <datafield tag="650" ind1=" " ind2=" ">
      <subfield code="a">carte românească veche</subfield>
    </datafield>
    <datafield tag="650" ind1=" " ind2=" ">
      <subfield code="a">cărţi liturgice</subfield>
    </datafield>
    <datafield tag="650" ind1=" " ind2=" ">
      <subfield code="a">cazanii</subfield>
    </datafield>
    <datafield tag="856" ind1=" " ind2=" ">
      <subfield code="u">http://www.dspace.bjastrasibiu.ro/bitstream/123456789/10640/1/BJA_CS_000290_BRV_0001-0840.pdf</subfield>
    </datafield>
    <datafield tag="995" ind1=" " ind2=" ">
      <subfield code="a">Colecţii Speciale - BRV</subfield>
      <subfield code="D">0.01</subfield>
      <subfield code="e">BRV290</subfield>
      <subfield code="F">Sediul_Central_A</subfield>
      <subfield code="j">356 BRV</subfield>
      <subfield code="U">Available</subfield>
      <subfield code="W">Oct 30, 2019</subfield>
      <subfield code="y">BRV290</subfield>
      <subfield code="Z">Împrumut la Sala</subfield>
    </datafield>
  </record>