
  <record>
    <leader>00000nam a2200000 a 4500</leader>
    <controlfield tag="001">BJSB444550</controlfield>
    <controlfield tag="008">191030s1766####|||||||||||||||||#||####u</controlfield>
    <datafield tag="050" ind1=" " ind2=" ">
      <subfield code="a">094.1(498); 264-15</subfield>
    </datafield>
    <datafield tag="245" ind1="0" ind2="1">
      <subfield code="a">[Antologhion ce să zice înflorirea cuvintelor carele cuprinde întru sine rânduiala dumnezeeştilor praznice, ale sfinţilor numiţi, şi ale sfinţilor de obşte: ce să prăznuesc în 12 luni ale anului acum a patra oară tipărită întru a doao domnie a luminatului domn. Io Scarlat: Grigorie Ghica vvd: cu blagoslovenia şi osârdia, şi toată chieltuiala sfinţiei sale iubitoriului de Dumnezeu chir Partenie Episcopul Râm. În Sfânta Episcopie a Râmnicului. La anul dela Hs: 1766. Sau tipărit de popa Constandin tip.]</subfield>
      <subfield code="h">[Carte tipărită]</subfield>
    </datafield>
    <datafield tag="260" ind1=" " ind2=" ">
      <subfield code="a">Râmnic</subfield>
      <subfield code="b">[S.n.]</subfield>
      <subfield code="c">1766</subfield>
    </datafield>
    <datafield tag="300" ind1=" " ind2=" ">
      <subfield code="a">[3] f., 572 f. ; 41 cm</subfield>
    </datafield>
    <datafield tag="500" ind1=" " ind2=" ">
      <subfield code="a">Exemplar incomplet. Lipsește file de titlu. Titlul a fost preluat din Bibliografia Românească veche, tom II, p. 170. Greşeli de paginaţie: fila 139 e numerotată 138; fila 247 e numerotată 248; fila 264 e numerotată 265; fila 274 e numerotată 273; fila 337 e numerotată  339; fila 454 e numerotată 453; fila 462 e numerotată 461; file 463 e numerotată 464; fila 491 e numerotată 490. Legătura: coperţi din lemn legate în piele; se mai păstrează urmele cheotorilor. Însemnări: fila 501: Pomenivor primele 9-lui în tot neamul şi [...] Răspunsa inima mea cuvânt bun; fila de gardă de la sfârşitul cărţii: Scaru Slujbelor de Obşte. La un Apostol 1. la Apostoli 6. la un Proroc 10. la un mucenic 14. la mucenici 18. la un Arhiereu 24. la Arhierei 26. la un sfinţit mucenic 32. mulţi sfinţiţi mucenici 35. la un cuvios 39. mulţi cuvioţi 44. un cuvios mucenic 48. cuvioşi mucenici 54. una muere mucenică. multe mueri muceniţe [...]. O cuvioasă [mucenică]. Multe cuvioase [muceniţe]. Observaţii: exemplar incomplet, lipseşte foaia de titlu; numeroase pete de ceară pe multe file. (345 BRV)</subfield>
    </datafield>
    <datafield tag="650" ind1=" " ind2=" ">
      <subfield code="a">antologhion</subfield>
    </datafield>
    <datafield tag="650" ind1=" " ind2=" ">
      <subfield code="a">cărţi liturgice</subfield>
    </datafield>
    <datafield tag="650" ind1=" " ind2=" ">
      <subfield code="a">carte românească veche</subfield>
    </datafield>
    <datafield tag="856" ind1=" " ind2=" ">
      <subfield code="u">http://www.dspace.bjastrasibiu.ro/bitstream/123456789/10662/1/BJA_CS_000299_BRV_0001-1158.pdf</subfield>
    </datafield>
    <datafield tag="995" ind1=" " ind2=" ">
      <subfield code="a">Colecţii Speciale - BRV</subfield>
      <subfield code="D">0.01</subfield>
      <subfield code="e">BRV299</subfield>
      <subfield code="F">Sediul_Central_A</subfield>
      <subfield code="j">345 BRV</subfield>
      <subfield code="U">Available</subfield>
      <subfield code="W">Oct 30, 2019</subfield>
      <subfield code="y">BRV299</subfield>
      <subfield code="Z">Împrumut la Sala</subfield>
    </datafield>
  </record>