
  <record>
    <leader>00000nam a2200000 a 4500</leader>
    <controlfield tag="001">BJSB444513</controlfield>
    <controlfield tag="008">191028s1813####|||||||||||||||||#||####u</controlfield>
    <datafield tag="050" ind1=" " ind2=" ">
      <subfield code="a">094.1(498); 264-19</subfield>
    </datafield>
    <datafield tag="245" ind1="0" ind2="0">
      <subfield code="a">Triodion acum întâia oară aşezat, şi tipărit, după rânduiala besericii răsăritului. Supt stăpânirea Prea Înălţatului Înpărat al Austriei. Francisc întâie Craiului apostoli: Mare Prinţip al Ardealului, şi celelalte: cu blagoslovenia Exselenţii sale Prea Luminatului, şi Prea Sfinţitului Domnului Domn. Ioann Bobb. Vlădicul Făgăraşului.</subfield>
      <subfield code="c">Editor Ioan Bob</subfield>
      <subfield code="h">[Carte tipărită]</subfield>
    </datafield>
    <datafield tag="250" ind1=" " ind2=" ">
      <subfield code="a">Ed. 1</subfield>
    </datafield>
    <datafield tag="260" ind1=" " ind2=" ">
      <subfield code="a">Blaj</subfield>
      <subfield code="b">Tiparul Seminarului</subfield>
      <subfield code="c">1813</subfield>
    </datafield>
    <datafield tag="300" ind1=" " ind2=" ">
      <subfield code="a">[1] f., 630 p. ; 40 cm</subfield>
    </datafield>
    <datafield tag="500" ind1=" " ind2=" ">
      <subfield code="a">Text în limba română cu caractere chirilice. Greşeli de paginație: p. 427 e numerotată 457; p. 486 e numerotată 496 (numărătoarea continuă greşit). Legătura: coperţi din lemn învelite în piele; în plan central scena Răstignirii; se mai păstrează urmele de la cheotori. Observaţii: coperta 3 ştampilă cu textul: Anticariat Sibiu. Lei 500. (836 BRV)</subfield>
    </datafield>
    <datafield tag="650" ind1=" " ind2=" ">
      <subfield code="a">carte românească veche</subfield>
    </datafield>
    <datafield tag="650" ind1=" " ind2=" ">
      <subfield code="a">cult public</subfield>
    </datafield>
    <datafield tag="650" ind1=" " ind2=" ">
      <subfield code="a">cărţi liturgice</subfield>
    </datafield>
    <datafield tag="650" ind1=" " ind2=" ">
      <subfield code="a">triod</subfield>
    </datafield>
    <datafield tag="856" ind1=" " ind2=" ">
      <subfield code="u">http://www.dspace.bjastrasibiu.ro/bitstream/123456789/10297/1/BJA_CS_000434_CRV_0001-0640%282%29.pdf</subfield>
    </datafield>
    <datafield tag="995" ind1=" " ind2=" ">
      <subfield code="a">Colecţii Speciale - BRV</subfield>
      <subfield code="D">0.01</subfield>
      <subfield code="e">BRV434</subfield>
      <subfield code="F">Sediul_Central_A</subfield>
      <subfield code="j">836 BRV</subfield>
      <subfield code="U">Available</subfield>
      <subfield code="W">Oct 28, 2019</subfield>
      <subfield code="y">BRV434</subfield>
      <subfield code="Z">Împrumut la Sala</subfield>
    </datafield>
  </record>