
  <record>
    <leader>00000nam a2200000 a 4500</leader>
    <controlfield tag="001">BJSB444511</controlfield>
    <controlfield tag="008">191028s1814####|||||||||||||||||#||####u</controlfield>
    <datafield tag="050" ind1=" " ind2=" ">
      <subfield code="a">094.1(498); 264-12; 227</subfield>
    </datafield>
    <datafield tag="245" ind1="0" ind2="0">
      <subfield code="a">Apostol acum a treia oară aşezat, şi tipărit, după rânduiala besericii răsăritului. Supt stăpânirea Prea Înălţatului Înpărat al Austrii. Francisc întie Craiul apostolicesc, Mare Prinţip al Ardealului, şi celelate: cu blagoslovenia Exselenţiei sale Prea o sfinţitului, şi Prea luminatului Domnului Domn. Ioann Bobb. Vlădicul Făgăraşului</subfield>
      <subfield code="h">[Carte tipărită]</subfield>
    </datafield>
    <datafield tag="250" ind1=" " ind2=" ">
      <subfield code="a">Ed. a 3-a</subfield>
    </datafield>
    <datafield tag="260" ind1=" " ind2=" ">
      <subfield code="a">Blaj</subfield>
      <subfield code="b">Tiparul Seminarului</subfield>
      <subfield code="c">1814</subfield>
    </datafield>
    <datafield tag="300" ind1=" " ind2=" ">
      <subfield code="a">[1] f., 264 p. ; 33 cm</subfield>
    </datafield>
    <datafield tag="500" ind1=" " ind2=" ">
      <subfield code="a">Text în limba română cu caractere chirilice Greşeli de paginaţie: p. 169 e numerotată 161; p. 170 e numerotată 162; p. 175 e numerotată 167; p. 176 e numerotată 168. Legătura: coperţi din lemn învelite în piele, parţial deteriorate; ferecătură din metal; prezintă urmele cheotorilor. Însemnări: fila de titlu: Acest Sfânt Apostol; p. 1: iaste al Sfintei Besereci a tilişci; p. 3: a cei neonite Hramul; p. 5: Sfântul Sava cel Sfinţit; p. 7: dat de pomenire veaşnică; p. 9: de robii lui Dumnezeu Savu Răceu; p. 11: şi soţia Ioana ca să ne fiu pomiană; p. 13: la anul dela HS 1835 februarie 4 zile; p. 15: fiind preoţi întru acea vreme; p. 17: popa Nicula popa Danil Miclăuş; p. 19: şi popa Petru Iuga şi Diacon Dimitrie; p. 21: Dimitrie Miclăuş Diacon am scris; p. 123: Demetriu Raceu [...]; p. 200: Ioan [...] Dascăl [...]; p. 206: 14 octomvrie apostolul [...] la 4 dekemvrie pentru cuviosa Paraschiva; p. 250: Acest sfânt Apostol iaste; p. 251: dat în pomane în înumelui Savu Reciu. (845 BRV)</subfield>
    </datafield>
    <datafield tag="650" ind1=" " ind2=" ">
      <subfield code="a">cult public</subfield>
    </datafield>
    <datafield tag="650" ind1=" " ind2=" ">
      <subfield code="a">Apostol (carte)</subfield>
    </datafield>
    <datafield tag="650" ind1=" " ind2=" ">
      <subfield code="a">cărţi liturgice</subfield>
    </datafield>
    <datafield tag="650" ind1=" " ind2=" ">
      <subfield code="a">carte românească veche</subfield>
    </datafield>
    <datafield tag="650" ind1=" " ind2=" ">
      <subfield code="a">Faptele Apostolilor</subfield>
    </datafield>
    <datafield tag="650" ind1=" " ind2=" ">
      <subfield code="a">cărți de ritual </subfield>
    </datafield>
    <datafield tag="995" ind1=" " ind2=" ">
      <subfield code="a">Colecţii Speciale - BRV</subfield>
      <subfield code="D">0.01</subfield>
      <subfield code="e">BRV471</subfield>
      <subfield code="F">Sediul_Central_A</subfield>
      <subfield code="j">845 BRV</subfield>
      <subfield code="U">Available</subfield>
      <subfield code="W">Oct 28, 2019</subfield>
      <subfield code="y">BRV471</subfield>
      <subfield code="Z">Împrumut la Sala</subfield>
    </datafield>
  </record>