
  <record>
    <leader>00000nam a2200000 a 4500</leader>
    <controlfield tag="001">BJSB444510</controlfield>
    <controlfield tag="008">191028s1814####|||||||||||||||||#||####u</controlfield>
    <datafield tag="050" ind1=" " ind2=" ">
      <subfield code="a">094.1(498); 94(44)</subfield>
    </datafield>
    <datafield tag="245" ind1="0" ind2="0">
      <subfield code="a">Întâmplările răsboiului franţozilor şi întoarcerea lor dela Moscva. Tălmăcită de pre nemţie de un iubitoriu de neamul românesc. Și cu chieltuiala dumnealui Alexie Lazaru date în tipariu</subfield>
      <subfield code="c">Editor Alexie Lazaru</subfield>
      <subfield code="h">[Carte tipărită]</subfield>
    </datafield>
    <datafield tag="260" ind1=" " ind2=" ">
      <subfield code="a">Buda</subfield>
      <subfield code="b">Crăiasca Tipografie a Universității Ungurești</subfield>
      <subfield code="c">1814</subfield>
    </datafield>
    <datafield tag="300" ind1=" " ind2=" ">
      <subfield code="a">[2], 104 p.</subfield>
    </datafield>
    <datafield tag="500" ind1=" " ind2=" ">
      <subfield code="a">Legătura: folie de protecţie. Însemnări: [...] Etitoriu [...] am legat la olaltă i [...] tăia din Italia şi a lui guria Mucealu [...] pănă la Moscva cei alunga Nupoleon pe [...] apoi [...] decemvrie şi muscali [...]. (852 BRV)</subfield>
    </datafield>
    <datafield tag="650" ind1=" " ind2=" ">
      <subfield code="a">istorie</subfield>
    </datafield>
    <datafield tag="650" ind1=" " ind2=" ">
      <subfield code="a">carte românească veche</subfield>
    </datafield>
    <datafield tag="650" ind1=" " ind2=" ">
      <subfield code="a">istoria Franței</subfield>
    </datafield>
    <datafield tag="856" ind1=" " ind2=" ">
      <subfield code="u">http://www.dspace.bjastrasibiu.ro/bitstream/123456789/10679/1/BJA_CS_000536_BRV_0001-0112.pdf</subfield>
    </datafield>
    <datafield tag="995" ind1=" " ind2=" ">
      <subfield code="a">Colecţii Speciale - BRV</subfield>
      <subfield code="D">0.01</subfield>
      <subfield code="e">BRV536</subfield>
      <subfield code="F">Sediul_Central_A</subfield>
      <subfield code="j">852 BRV</subfield>
      <subfield code="U">Available</subfield>
      <subfield code="W">Oct 28, 2019</subfield>
      <subfield code="y">BRV536</subfield>
      <subfield code="Z">Împrumut la Sala</subfield>
    </datafield>
  </record>