
  <record>
    <leader>00000nam a2200000 a 4500</leader>
    <controlfield tag="001">BJSB444509</controlfield>
    <controlfield tag="008">191028s1814####|||||||||||||||||#||####u</controlfield>
    <datafield tag="050" ind1=" " ind2=" ">
      <subfield code="a">094.1(498); 264-11</subfield>
    </datafield>
    <datafield tag="245" ind1="0" ind2="0">
      <subfield code="a">Calendariu ce slujeşte pre 100 de ani începând dela anul 1814 până la anul 1914. În care se cuprinde: 1) hronologia. 2) cele 12 luni ale anului. 3) pashalia pe 100 de ani întocmită. 4) arătarea despre schimbarea şi plinirea lunii. 5) cursul poştelor în desclinite ţări, şi la sfârşit încă şi alte mai multe de lipsă lucruri. Acum întâiu româneşte alcătuit, şi cu chieltuiala lui Nicola Nicolau din Braşov dat în tipariu</subfield>
      <subfield code="c">Editor Nicola Nicolau</subfield>
      <subfield code="h">[Carte tipărită]</subfield>
    </datafield>
    <datafield tag="250" ind1=" " ind2=" ">
      <subfield code="a">Ed. 1</subfield>
    </datafield>
    <datafield tag="260" ind1=" " ind2=" ">
      <subfield code="a">Buda</subfield>
      <subfield code="b">Crăiasca Tipografie a Universității Ungurești</subfield>
      <subfield code="c">1814</subfield>
    </datafield>
    <datafield tag="300" ind1=" " ind2=" ">
      <subfield code="a">192 p. ; 18 cm</subfield>
    </datafield>
    <datafield tag="500" ind1=" " ind2=" ">
      <subfield code="a">Text în limba română cu caractere chirilice Legătura: exemplar incomplet, lipseşte o gravură; coperta 1 originală, păstrează fragmentar scena descrisă în Bibliografia Românească Veche; pe coperta 4 este reprodus sumarul cărţii; cotorul învelit în pânză. Însemnări: p. 53: Nicol [...]; coperta 3: Nicolae Chiorniţă. Observaţii: coperta 3: ştampilă cu textul: Anticariatul [...] Lei 18. (847 BRV)</subfield>
    </datafield>
    <datafield tag="650" ind1=" " ind2=" ">
      <subfield code="a">calendare ecleziastice</subfield>
    </datafield>
    <datafield tag="650" ind1=" " ind2=" ">
      <subfield code="a">carte românească veche</subfield>
    </datafield>
    <datafield tag="650" ind1=" " ind2=" ">
      <subfield code="a">calendare</subfield>
    </datafield>
    <datafield tag="650" ind1=" " ind2=" ">
      <subfield code="a">calendare creştine</subfield>
    </datafield>
    <datafield tag="856" ind1=" " ind2=" ">
      <subfield code="u">http://www.dspace.bjastrasibiu.ro/bitstream/123456789/10667/1/BJA_CS_000423_BRV_0001-0196.pdf</subfield>
    </datafield>
    <datafield tag="995" ind1=" " ind2=" ">
      <subfield code="a">Colecţii Speciale - BRV</subfield>
      <subfield code="D">0.01</subfield>
      <subfield code="e">BRV423</subfield>
      <subfield code="F">Sediul_Central_A</subfield>
      <subfield code="j">847 BRV</subfield>
      <subfield code="U">Available</subfield>
      <subfield code="W">Oct 28, 2019</subfield>
      <subfield code="y">BRV423</subfield>
      <subfield code="Z">Împrumut la Sala</subfield>
    </datafield>
  </record>