
  <record>
    <leader>00000nam a2200000 a 4500</leader>
    <controlfield tag="001">BJSB444508</controlfield>
    <controlfield tag="008">191028s1817####|||||||||||||||||#||####u</controlfield>
    <datafield tag="050" ind1=" " ind2=" ">
      <subfield code="a">094.1(498); 264-15; 264-19</subfield>
    </datafield>
    <datafield tag="245" ind1="0" ind2="0">
      <subfield code="a">Strastnic acum a patra oară aşezat şi tipărit, după rânduiala besearicii răsăritului. Supt stăpânirea Prea Înălţatului Înpărat al Austriei. Francisc întâie. Craiul apostolice: Mare Prinţip al Ardealului şi celelalte: cu blavenia Exseleţii sale Prea Luminatului, şi Prea Sfinţitului Domnului Domn. Ioann Bobb. Vlădicul Făgăraşului</subfield>
      <subfield code="h">[Carte tipărită]</subfield>
    </datafield>
    <datafield tag="250" ind1=" " ind2=" ">
      <subfield code="a">Ed. a 4-a</subfield>
    </datafield>
    <datafield tag="260" ind1=" " ind2=" ">
      <subfield code="a">Blaj</subfield>
      <subfield code="b">Tiparul Seminarului</subfield>
      <subfield code="c">1817</subfield>
    </datafield>
    <datafield tag="300" ind1=" " ind2=" ">
      <subfield code="a">[1] f., 217 p.</subfield>
    </datafield>
    <datafield tag="500" ind1=" " ind2=" ">
      <subfield code="a">Text în limba română cu caractere chirilice Legătura: coperţi din lemn învelite în piele; în plan central o cruce aurită; se mai păstrează urmele cheotorilor. Însemnări: fila de titlu: Acest Stratsnic aşa legat sau luat pe sama S: Bisearici din Tilişca (?) cu 12 sloţi 40 [...] anu 1839 [...]. Observaţii: coperta 3, textul: Anticariat Sibiu Lei 750; multe pete de ceară pe multe pagini. (947 BRV)</subfield>
    </datafield>
    <datafield tag="650" ind1=" " ind2=" ">
      <subfield code="a">strastnic</subfield>
    </datafield>
    <datafield tag="650" ind1=" " ind2=" ">
      <subfield code="a">cărţi liturgice</subfield>
    </datafield>
    <datafield tag="650" ind1=" " ind2=" ">
      <subfield code="a">carte românească veche</subfield>
    </datafield>
    <datafield tag="650" ind1=" " ind2=" ">
      <subfield code="a">cult public</subfield>
    </datafield>
    <datafield tag="856" ind1=" " ind2=" ">
      <subfield code="u">http://www.dspace.bjastrasibiu.ro/bitstream/123456789/10366/1/BJA_CS_000265_CRV_0001-0226.pdf</subfield>
    </datafield>
    <datafield tag="995" ind1=" " ind2=" ">
      <subfield code="a">Colecţii Speciale - BRV</subfield>
      <subfield code="D">0.01</subfield>
      <subfield code="e">BRV265</subfield>
      <subfield code="F">Sediul_Central_A</subfield>
      <subfield code="j">947 BRV</subfield>
      <subfield code="U">Available</subfield>
      <subfield code="W">Oct 28, 2019</subfield>
      <subfield code="y">BRV265</subfield>
      <subfield code="Z">Împrumut la Sala</subfield>
    </datafield>
  </record>