
  <record>
    <leader>00000nam a2200000 a 4500</leader>
    <controlfield tag="001">BJSB444507</controlfield>
    <controlfield tag="008">191028s1811####|||||||||||||||||#||####u</controlfield>
    <datafield tag="050" ind1=" " ind2=" ">
      <subfield code="a">094.1(498); 252.7</subfield>
    </datafield>
    <datafield tag="100" ind1=" " ind2=" ">
      <subfield code="a">Barac, Ioan</subfield>
    </datafield>
    <datafield tag="245" ind1="1" ind2="0">
      <subfield code="a">Gratulaţie întru cinstea Prea o sfinţitului Domn Vasilie Moga episcopului neunit în m. Prinţipat al Ardealului sfinţit în Carloviţ la 23. aprilie, anno QVanDO peCVnIa MoX fatIs agItatVr InIqVIs SaCra papIrUs opIs sIn VbI soLVItVr aes.</subfield>
      <subfield code="c">[Ioan Barac]</subfield>
      <subfield code="h">[Carte tipărită]</subfield>
    </datafield>
    <datafield tag="260" ind1=" " ind2=" ">
      <subfield code="a">Brașov</subfield>
      <subfield code="c">1811</subfield>
    </datafield>
    <datafield tag="300" ind1=" " ind2=" ">
      <subfield code="a">[8] f. ; 18 cm</subfield>
    </datafield>
    <datafield tag="500" ind1=" " ind2=" ">
      <subfield code="a">Text în limba română tipărit cu caractere chirilice Legătura: carton recent marmorat. Însemnări: fila 1 v: Dmne strigatum [...]. Pentru rugăciunile sfinţ; fila 4: Pentru rugăciunile Sfinţilor Pări[inţi]; filele 7-8 însemnări indescifrabile, păstrate fragmentar, filele fiind tăiate la compactarea cărţii. Observaţii: ştampilă ovală cu textul: Biblioteca Andreiu Bârseanu Sibiu pe foaia de titlu; ştampilă de formă dreptunghiulară cu textul: Biblioteca „Astrei” (Asociaţiunea pentru lit. rom. şi cultura poporului român). Centrala Sibiu Nr. 23372 pe fila 2; pe ultima filă: „Ioan Bărac, Translator Magistratualic în Braşov. Braşov, în 29 Iunie”. (341 IV BRV)</subfield>
    </datafield>
    <datafield tag="650" ind1=" " ind2=" ">
      <subfield code="a">carte românească veche</subfield>
    </datafield>
    <datafield tag="650" ind1=" " ind2=" ">
      <subfield code="a">discursuri</subfield>
    </datafield>
    <datafield tag="650" ind1=" " ind2=" ">
      <subfield code="a">teologie</subfield>
    </datafield>
    <datafield tag="856" ind1=" " ind2=" ">
      <subfield code="u">http://www.dspace.bjastrasibiu.ro/bitstream/123456789/10601/1/BJA_CS_000129_BRV_0001-0024.pdf</subfield>
    </datafield>
    <datafield tag="995" ind1=" " ind2=" ">
      <subfield code="a">Colecţii Speciale - BRV</subfield>
      <subfield code="D">0.01</subfield>
      <subfield code="e">BRV129</subfield>
      <subfield code="F">Sediul_Central_A</subfield>
      <subfield code="j">341 IV BRV</subfield>
      <subfield code="U">Available</subfield>
      <subfield code="W">Oct 28, 2019</subfield>
      <subfield code="y">BRV129</subfield>
      <subfield code="Z">Împrumut la Sala</subfield>
    </datafield>
  </record>