
  <record>
    <leader>00000nam a2200000 a 4500</leader>
    <controlfield tag="001">BJSB444506</controlfield>
    <controlfield tag="008">191028s1810####|||||||||||||||||#||####u</controlfield>
    <datafield tag="050" ind1=" " ind2=" ">
      <subfield code="a">094.1(498); 81'374.822</subfield>
    </datafield>
    <datafield tag="100" ind1=" " ind2=" ">
      <subfield code="a">Piuariu-Molnar, Ioan</subfield>
    </datafield>
    <datafield tag="245" ind1="1" ind2="0">
      <subfield code="a">Deutsch = Walachische Sprachlehre. Berfasset von Johann Molnar v. Müllersheim. K. Landes augenarzt im Grossfürstenthum Siebenbürgen, und öffentlicher lehrer der Augenkrankheiten an der Universität zu Clausenburg</subfield>
      <subfield code="c">Johann Molnar v. Müllersheim</subfield>
      <subfield code="h">[Carte tipărită]</subfield>
    </datafield>
    <datafield tag="250" ind1=" " ind2=" ">
      <subfield code="a">Ed. a 2-a</subfield>
    </datafield>
    <datafield tag="260" ind1=" " ind2=" ">
      <subfield code="a">Sibiu</subfield>
      <subfield code="c">1810</subfield>
    </datafield>
    <datafield tag="300" ind1=" " ind2=" ">
      <subfield code="a">[8] f., 413 p., 84 p.</subfield>
    </datafield>
    <datafield tag="500" ind1=" " ind2=" ">
      <subfield code="a">Greşeli de paginaţie: p. 279 e numerotată 276; p. 280 e numerotată 290 - numerotarea continuând greşit; p. 362 e numerotată 392. Legătura: din carton recent de culoare albastră; pe cotor apare autorul şi titlul cărţii în manuscris. Însemnări: fila 2: Valeri Florian teolog 1885/6. Observaţii: coperta 3, ştampilă cu textul: Anticariat Sibiu. Lei 750. (781 BRV)</subfield>
    </datafield>
    <datafield tag="650" ind1=" " ind2=" ">
      <subfield code="a">dicționar bilingv</subfield>
    </datafield>
    <datafield tag="650" ind1=" " ind2=" ">
      <subfield code="a">carte românească veche</subfield>
    </datafield>
    <datafield tag="650" ind1=" " ind2=" ">
      <subfield code="a">lingvistică</subfield>
    </datafield>
    <datafield tag="650" ind1=" " ind2=" ">
      <subfield code="a">dicţionar</subfield>
    </datafield>
    <datafield tag="856" ind1=" " ind2=" ">
      <subfield code="u">http://www.dspace.bjastrasibiu.ro/bitstream/123456789/10298/1/BJA_CS_000497_CRV_0001-0510.pdf</subfield>
    </datafield>
    <datafield tag="995" ind1=" " ind2=" ">
      <subfield code="a">Colecţii Speciale - BRV</subfield>
      <subfield code="D">0.01</subfield>
      <subfield code="e">BRV497</subfield>
      <subfield code="F">Sediul_Central_A</subfield>
      <subfield code="j">781 BRV</subfield>
      <subfield code="U">Available</subfield>
      <subfield code="W">Oct 28, 2019</subfield>
      <subfield code="y">BRV497</subfield>
      <subfield code="Z">Împrumut la Sala</subfield>
    </datafield>
  </record>