
  <record>
    <leader>00000nam a2200000 a 4500</leader>
    <controlfield tag="001">BJSB444505</controlfield>
    <controlfield tag="008">191028s1809####|||||||||||||||||#||####u</controlfield>
    <datafield tag="050" ind1=" " ind2=" ">
      <subfield code="a">094.1(498); 254.1; 238.1; 241.82</subfield>
    </datafield>
    <datafield tag="100" ind1=" " ind2=" ">
      <subfield code="a">Bob, Ioan</subfield>
    </datafield>
    <datafield tag="245" ind1="1" ind2="0">
      <subfield code="a">Forma clerului, şi a păstoriului bun după învăţătura Domnului nostru Is Hs Născătoriului celui bun. Pilda ss: părinţi şi dascăli. Cu strădania Prea osfinţitului, şi Prea luminatului domn Exselenţia sa Ioann Bobb. Vlădicul Făgăraşului, a Prea Înălţatei Cesaro Crăeştii Mărimi statului sfeatnic din lăuntru, şi Ordului al ii: Leopold comendator. aşezată</subfield>
      <subfield code="c">Ioan Bobb</subfield>
      <subfield code="h">[Carte tipărită]</subfield>
    </datafield>
    <datafield tag="260" ind1=" " ind2=" ">
      <subfield code="a">Blaj</subfield>
      <subfield code="b">Tiparul Seminarului</subfield>
      <subfield code="c">1809</subfield>
    </datafield>
    <datafield tag="300" ind1=" " ind2=" ">
      <subfield code="a">[4] f., 100 p., 206 p., 156 p., 170 p. ; 17 cm</subfield>
    </datafield>
    <datafield tag="500" ind1=" " ind2=" ">
      <subfield code="a">Text în limba română cu caractere chirilice. Legătura: carton recent marmorat; cotorul legat în piele. Însemnări: coperta 2: Ex libris Joannis Detoii (?); fila 2 nenumerotată: Joannes Detoy (?). Observaţii: exemplar incomplet, lipsesc p. 171-172; ştampilă de formă dreptunghiulară cu textul: Biblioteca „Astrei” (Asociaţiunea pentru lit. rom. şi cultura poporului român). Centrala Sibiu.Nr. pe foaia de gardă de la începutul cărţii. (756 BRV)</subfield>
    </datafield>
    <datafield tag="650" ind1=" " ind2=" ">
      <subfield code="a">preoţi</subfield>
    </datafield>
    <datafield tag="650" ind1=" " ind2=" ">
      <subfield code="a">teologie</subfield>
    </datafield>
    <datafield tag="650" ind1=" " ind2=" ">
      <subfield code="a">clerici</subfield>
    </datafield>
    <datafield tag="650" ind1=" " ind2=" ">
      <subfield code="a">teologie morală</subfield>
    </datafield>
    <datafield tag="650" ind1=" " ind2=" ">
      <subfield code="a">carte românească veche</subfield>
    </datafield>
    <datafield tag="650" ind1=" " ind2=" ">
      <subfield code="a">catehism</subfield>
    </datafield>
    <datafield tag="856" ind1=" " ind2=" ">
      <subfield code="u">http://www.dspace.bjastrasibiu.ro/bitstream/123456789/10600/1/BJA_CS_000120_BRV_0001-0648.pdf</subfield>
    </datafield>
    <datafield tag="995" ind1=" " ind2=" ">
      <subfield code="a">Colecţii Speciale - BRV</subfield>
      <subfield code="D">0.01</subfield>
      <subfield code="e">BRV120</subfield>
      <subfield code="F">Sediul_Central_A</subfield>
      <subfield code="j">756 BRV</subfield>
      <subfield code="U">Available</subfield>
      <subfield code="W">Oct 28, 2019</subfield>
      <subfield code="y">BRV120</subfield>
      <subfield code="Z">Împrumut la Sala</subfield>
    </datafield>
  </record>