
  <record>
    <leader>00000nam a2200000 a 4500</leader>
    <controlfield tag="001">BJSB444504</controlfield>
    <controlfield tag="008">191028s1809####|||||||||||||||||#||####u</controlfield>
    <datafield tag="050" ind1=" " ind2=" ">
      <subfield code="a">094.1(498); 252.9; 37.017.93(498)</subfield>
    </datafield>
    <datafield tag="100" ind1=" " ind2=" ">
      <subfield code="a">Maior, Petru</subfield>
    </datafield>
    <datafield tag="245" ind1="1" ind2="0">
      <subfield code="a">Didahii adecă învăţături pentru creşterea fiilor la îngropăciunea pruncilor morţi culese de Petru Maior de Dicio Sânmartin paroh Sas Reghinului, şi protopop Gurghiului în Ardeal precum şi Înălţatul Crăescul Locumtenenţiale Consilium al Ungariei crăesc cărţilor revizor.</subfield>
      <subfield code="c">Petru Maior</subfield>
      <subfield code="h">[Carte tipărită]</subfield>
    </datafield>
    <datafield tag="260" ind1=" " ind2=" ">
      <subfield code="a">Buda</subfield>
      <subfield code="b">Crăiasca Tipografie a Universității Ungurești</subfield>
      <subfield code="c">1809</subfield>
    </datafield>
    <datafield tag="300" ind1=" " ind2=" ">
      <subfield code="a">[3] f., 139 p. ; 21 cm</subfield>
    </datafield>
    <datafield tag="500" ind1=" " ind2=" ">
      <subfield code="a">Text în limba română cu caractere chirilice Greşeli de paginaţie: p. 67 e numerotată 69. Legătura: carton recent deteriorat. Însemnări: foaia de titlu: Moldovan Ioann Paroh la Agrişteu 26 [...] 841; Eredită dela Tatăl meu Petru Flore din Berthanu în 1869. Racoviţa în 28 ianuariu 1884 Petru Florianu parochu; fila de gardă de la sfârşitul cărţii: Al treilea Petru [...] sau [...] mai nainte. Petru [...] petronol la anu 1742 şi în  [...] rusă la leagea rusască sau făcut [...] la 5 Ianu. Anu 1762 mai nainte au fost [...] pănă aceasta au urmat [...] Ecaterina a 2-a iară mai nainte sau [...] Sofia aceasta [...] fata [...] aceasta sau născut Pavel Pătrovici [...] Pavlovici şi [...] fratele lui Alexandru; fila de gardă de la sfârşitul cărţii: 829, 5 Maiu sau cumpărat oi [...] în faţa [...] lor a vă plăti [...] 36 fl zolţi. 1 Popa Mihai 2.50 [...] Petrea. Dan Ion. [...] Nikulaje. Detori Ştefan Ioan [...] fraţi Simion Gheorghie Anna [...] Ştefan nurora Savina. Observaţii: coperta 3: Anticariat Sibiu 750 Lei; este colligat cu tipăritura lui Petru Maior, Propovedanii, Buda, 1809, cota 765. (765 BRV)</subfield>
    </datafield>
    <datafield tag="650" ind1=" " ind2=" ">
      <subfield code="a">carte românească veche</subfield>
    </datafield>
    <datafield tag="650" ind1=" " ind2=" ">
      <subfield code="a">discursuri funebre</subfield>
    </datafield>
    <datafield tag="650" ind1=" " ind2=" ">
      <subfield code="a">educație</subfield>
    </datafield>
    <datafield tag="650" ind1=" " ind2=" ">
      <subfield code="a">educaţia copiilor</subfield>
    </datafield>
    <datafield tag="650" ind1=" " ind2=" ">
      <subfield code="a">educatie religioasa</subfield>
    </datafield>
    <datafield tag="856" ind1=" " ind2=" ">
      <subfield code="u">http://www.dspace.bjastrasibiu.ro/bitstream/123456789/10616/1/BJA_CS_000499_BRV_0001-0149.pdf</subfield>
    </datafield>
    <datafield tag="995" ind1=" " ind2=" ">
      <subfield code="a">Colecţii Speciale - BRV</subfield>
      <subfield code="D">0.01</subfield>
      <subfield code="e">BRV499</subfield>
      <subfield code="F">Sediul_Central_A</subfield>
      <subfield code="j">765 BRV</subfield>
      <subfield code="U">Available</subfield>
      <subfield code="W">Oct 28, 2019</subfield>
      <subfield code="y">BRV499</subfield>
      <subfield code="Z">Împrumut la Sala</subfield>
    </datafield>
  </record>