
  <record>
    <leader>00000nam a2200000 a 4500</leader>
    <controlfield tag="001">BJSB444474</controlfield>
    <controlfield tag="008">191028s1809####|||||||||||||||||#||####u</controlfield>
    <datafield tag="050" ind1=" " ind2=" ">
      <subfield code="a">094.1(498); 252.9</subfield>
    </datafield>
    <datafield tag="100" ind1=" " ind2=" ">
      <subfield code="a">Maior, Petru</subfield>
    </datafield>
    <datafield tag="245" ind1="1" ind2="0">
      <subfield code="a">Propovedanii la îngropăciunea oamenilor morţi culese de Petru Maior de Dicio Sânt-Martin paroh Sas-Reghinului şi Protopop Gurghiului în Ardeal precum şi la Înălţatul Crăescul Locumtenenţiale Consilum al Ungariei crăesc cărţilor revizor</subfield>
      <subfield code="c">Petru Maior</subfield>
      <subfield code="h">[Carte tipărită]</subfield>
    </datafield>
    <datafield tag="260" ind1=" " ind2=" ">
      <subfield code="a">Buda</subfield>
      <subfield code="b">Crăiasca Tipografie a Universității Ungurești</subfield>
      <subfield code="c">1809</subfield>
    </datafield>
    <datafield tag="300" ind1=" " ind2=" ">
      <subfield code="a">[5] f., 304 p. ; 22 cm</subfield>
    </datafield>
    <datafield tag="500" ind1=" " ind2=" ">
      <subfield code="a">Text în limba română cu caractere chirilice Legătura: carton recent de culoare neagră. Însemnări: p. 196: Introductionen. Observaţii: ştampilă de formă dreptunghiulară cu textul: Biblioteca „Astrei” (Asociaţiunea pentru lit. rom. şi cultura poporului român). Centrala Sibiu.Nr. 122 I, pe foaia de titlu, fila 2; ştampilă ovală vu textul: Biblioteca Centrală a „Asociaţiunii” Sibiiu pe p. 23, 65, 117, 177, 227; ştampilă ovală cu următorul text: Biblioteca Asociat. Trane Rom. p. Cult. şi Lit. Pop. Rom pe foaia de titlu; este colligat cu lucrarea Petru Maior, Didahii, Buda, 1809. (765 BRV)</subfield>
    </datafield>
    <datafield tag="650" ind1=" " ind2=" ">
      <subfield code="a">carte românească veche</subfield>
    </datafield>
    <datafield tag="650" ind1=" " ind2=" ">
      <subfield code="a">predici</subfield>
    </datafield>
    <datafield tag="650" ind1=" " ind2=" ">
      <subfield code="a">predici comemorative</subfield>
    </datafield>
    <datafield tag="650" ind1=" " ind2=" ">
      <subfield code="a">teologie</subfield>
    </datafield>
    <datafield tag="650" ind1=" " ind2=" ">
      <subfield code="a">discursuri funebre</subfield>
    </datafield>
    <datafield tag="856" ind1=" " ind2=" ">
      <subfield code="u">http://www.dspace.bjastrasibiu.ro/bitstream/123456789/10614/1/BJA_CS_000122_BRV_0001-0315.pdf</subfield>
    </datafield>
    <datafield tag="995" ind1=" " ind2=" ">
      <subfield code="a">Colecţii Speciale - BRV</subfield>
      <subfield code="D">0.01</subfield>
      <subfield code="e">BRV122</subfield>
      <subfield code="F">Sediul_Central_A</subfield>
      <subfield code="j">765 BRV</subfield>
      <subfield code="U">Available</subfield>
      <subfield code="W">Oct 28, 2019</subfield>
      <subfield code="y">BRV122</subfield>
      <subfield code="Z">Împrumut la Sala</subfield>
    </datafield>
  </record>