
  <record>
    <leader>00000nam a2200000 a 4500</leader>
    <controlfield tag="001">BJSB444473</controlfield>
    <controlfield tag="008">191028s1808####|||||||||||||||||#||####u</controlfield>
    <datafield tag="050" ind1=" " ind2=" ">
      <subfield code="a">094.1(498); 94(398)</subfield>
    </datafield>
    <datafield tag="100" ind1=" " ind2=" ">
      <subfield code="a">Roja, Georg Constantin</subfield>
    </datafield>
    <datafield tag="245" ind1="1" ind2="0">
      <subfield code="a">Untersuchungen über die Romanier oder sogenannten Wlachen, welche jenseits der Donau wohnen; auf alte Urkunden gegründet von Georg Constantin Roja Zuhörer der Physiologie und Geburtshülfe auf der medizinischen Universitäts Facultät zu Pesth in Hungarn...</subfield>
      <subfield code="c">Georg Constantin Roja</subfield>
      <subfield code="h">[Carte tipărită]</subfield>
    </datafield>
    <datafield tag="260" ind1=" " ind2=" ">
      <subfield code="a">Pesta</subfield>
      <subfield code="b">Gedrukt ben Mathias Trattner</subfield>
      <subfield code="c">1808</subfield>
    </datafield>
    <datafield tag="300" ind1=" " ind2=" ">
      <subfield code="a">159 p., [1] p. ; 17 cm</subfield>
    </datafield>
    <datafield tag="500" ind1=" " ind2=" ">
      <subfield code="a">Greşeli de paginaţie: p. 110 e numerotată 210; p. 112 e numerotată 113; p. 144 e numerotată 146; p. 145 e numerotată 129. Legătura: carton recent de culoare mov; cotorul legat în piele; pe cotor autorul şi titlul cărţii scris cu litere aurite. Observaţii: text bilingv germană - greacă; foaia de titlu ex libris: Biblioteca S. Mangiuca; ştampilă de formă dreptunghiulară cu textul: Biblioteca „Astrei” (Asociaţiunea pentru lit. rom. şi cultura poporului român). Centrala Sibiu Nr. II 7514 pe foaia de gardă, p. 3; ştampilă ovală cu textul: Biblioteca Asociat. Tranne. Rom. P. Cult. Şi. Lit. Pop. Rom. pe foaia de gardă. (753 BRV)</subfield>
    </datafield>
    <datafield tag="650" ind1=" " ind2=" ">
      <subfield code="a">istorie</subfield>
    </datafield>
    <datafield tag="650" ind1=" " ind2=" ">
      <subfield code="a">istoria aromânilor</subfield>
    </datafield>
    <datafield tag="650" ind1=" " ind2=" ">
      <subfield code="a">carte românească veche</subfield>
    </datafield>
    <datafield tag="856" ind1=" " ind2=" ">
      <subfield code="u">http://www.dspace.bjastrasibiu.ro/bitstream/123456789/10348/1/BJA_CS_000119_BRV_0001-0168.pdf</subfield>
    </datafield>
    <datafield tag="995" ind1=" " ind2=" ">
      <subfield code="a">Colecţii Speciale - BRV</subfield>
      <subfield code="D">0.01</subfield>
      <subfield code="e">BRV119</subfield>
      <subfield code="F">Sediul_Central_A</subfield>
      <subfield code="j">753 BRV</subfield>
      <subfield code="U">Available</subfield>
      <subfield code="W">Oct 28, 2019</subfield>
      <subfield code="y">BRV119</subfield>
      <subfield code="Z">Împrumut la Sala</subfield>
    </datafield>
  </record>