
  <record>
    <leader>00000nam a2200000 a 4500</leader>
    <controlfield tag="001">BJSB444470</controlfield>
    <controlfield tag="008">191028s1808####|||||||||||||||||#||####u</controlfield>
    <datafield tag="050" ind1=" " ind2=" ">
      <subfield code="a">094.1(498); 94(498); 94(398.2)</subfield>
    </datafield>
    <datafield tag="100" ind1=" " ind2=" ">
      <subfield code="a">Şincai, Gheorghe</subfield>
    </datafield>
    <datafield tag="245" ind1="1" ind2="0">
      <subfield code="a">Hronica românilor şi a mai multor neamuri, încât au fost iale aşa de amestecate cu românii, cât lucrurile, întâmplările, şi faptele unora fără de ale altora nu se pot scrie pre înţeles, din mai multe mii de autori, în cursul de 34 de ani culeasă, şi după anii dela Naşterea Domnului nostru Is Hs alcătuită de Gheorghie Șincai din Șinca. Doctorul filosofiei, şi al teologhiei, fostul director al şcoalelor naţionalnice în toată Țara Ardealului...</subfield>
      <subfield code="c">Gheorghie Șincai din Șinca</subfield>
      <subfield code="h">[Carte tipărită]</subfield>
    </datafield>
    <datafield tag="260" ind1=" " ind2=" ">
      <subfield code="a">Buda</subfield>
      <subfield code="b">Crăiasca Tipografie a Universității Ungurești</subfield>
      <subfield code="c">1808</subfield>
    </datafield>
    <datafield tag="300" ind1=" " ind2=" ">
      <subfield code="a">80 p. ; 18 cm</subfield>
    </datafield>
    <datafield tag="500" ind1=" " ind2=" ">
      <subfield code="a">Legătura: carton recent marmorat. Observaţii: este colligat cu tipăritura Samuil Clain, Istoria românilor, Buda, 1806. (751 BRV)</subfield>
    </datafield>
    <datafield tag="650" ind1=" " ind2=" ">
      <subfield code="a">istoria Daciei</subfield>
    </datafield>
    <datafield tag="650" ind1=" " ind2=" ">
      <subfield code="a">carte românească veche</subfield>
    </datafield>
    <datafield tag="650" ind1=" " ind2=" ">
      <subfield code="a">istoria României</subfield>
    </datafield>
    <datafield tag="856" ind1=" " ind2=" ">
      <subfield code="u">http://www.dspace.bjastrasibiu.ro/bitstream/123456789/10584/1/BJA_CS_000111_BRV_0001-0083.pdf</subfield>
    </datafield>
    <datafield tag="995" ind1=" " ind2=" ">
      <subfield code="a">Colecţii Speciale - BRV</subfield>
      <subfield code="D">0.01</subfield>
      <subfield code="e">BRV111</subfield>
      <subfield code="F">Sediul_Central_A</subfield>
      <subfield code="j">751 BRV</subfield>
      <subfield code="U">Available</subfield>
      <subfield code="W">Oct 28, 2019</subfield>
      <subfield code="y">BRV111</subfield>
      <subfield code="Z">Împrumut la Sala</subfield>
    </datafield>
  </record>