
  <record>
    <leader>00000nam a2200000 a 4500</leader>
    <controlfield tag="001">BJSB444469</controlfield>
    <controlfield tag="008">191028s1808####|||||||||||||||||#||####u</controlfield>
    <datafield tag="050" ind1=" " ind2=" ">
      <subfield code="a">094.1(498); 252.7</subfield>
    </datafield>
    <datafield tag="100" ind1=" " ind2=" ">
      <subfield code="a">Bob, Ioan</subfield>
    </datafield>
    <datafield tag="245" ind1="1" ind2="0">
      <subfield code="a">Înştiinţare care au făcut exselenţia sa prea luminatul şi prea osfinţitul domnul Ioann Bobb vlădicul Făgăraşului, în al Cesaro Crăeştii mărimi sfetnic din lăuntru, cinstitului său cler despre rădicarea Capitulumului în Blaj, la anul 1807, 1 zi iulie, adăogând şi doao cuvântări. Despre preoţie, şi despre duhul celui bun, şi acelui rău păstoriu sufletesc</subfield>
      <subfield code="c">Ioan Bobb</subfield>
      <subfield code="h">[Carte tipărită]</subfield>
    </datafield>
    <datafield tag="260" ind1=" " ind2=" ">
      <subfield code="a">Blaj</subfield>
      <subfield code="c">1808</subfield>
    </datafield>
    <datafield tag="300" ind1=" " ind2=" ">
      <subfield code="a">[1], 80 p.</subfield>
    </datafield>
    <datafield tag="500" ind1=" " ind2=" ">
      <subfield code="a">Text în limba română cu caractere chirilice Legătura: carton recent marmorat; cotorul legat în piele; pe cotor cu litere aurite textul „Pentru Naţie”. Însemnări: p. 80: Aceasta iaste a popa [...]. Observaţii: este colligat cu tipăritura Cuvântări în cinstea Excelenţei Sale Ioan Bob, Blaj, 1813; donaţie P. Hîndoreanu. (733 BRV)</subfield>
    </datafield>
    <datafield tag="650" ind1=" " ind2=" ">
      <subfield code="a">carte românească veche</subfield>
    </datafield>
    <datafield tag="650" ind1=" " ind2=" ">
      <subfield code="a">teologie</subfield>
    </datafield>
    <datafield tag="650" ind1=" " ind2=" ">
      <subfield code="a">predici religioase</subfield>
    </datafield>
    <datafield tag="856" ind1=" " ind2=" ">
      <subfield code="u">http://www.dspace.bjastrasibiu.ro/bitstream/123456789/10641/1/BJA_CS_000443_BRV_0001-00087.pdf</subfield>
    </datafield>
    <datafield tag="995" ind1=" " ind2=" ">
      <subfield code="a">Colecţii Speciale - BRV</subfield>
      <subfield code="D">0.01</subfield>
      <subfield code="e">BRV443</subfield>
      <subfield code="F">Sediul_Central_A</subfield>
      <subfield code="j">733 BRV</subfield>
      <subfield code="U">Available</subfield>
      <subfield code="W">Oct 28, 2019</subfield>
      <subfield code="y">BRV443</subfield>
      <subfield code="Z">Împrumut la Sala</subfield>
    </datafield>
  </record>