
  <record>
    <leader>00000nam a2200000 a 4500</leader>
    <controlfield tag="001">BJSB444468</controlfield>
    <controlfield tag="008">191028s1808####|||||||||||||||||#||####u</controlfield>
    <datafield tag="050" ind1=" " ind2=" ">
      <subfield code="a">094.1(498); 264-19</subfield>
    </datafield>
    <datafield tag="245" ind1="0" ind2="0">
      <subfield code="a">Penticostarion acum a doua oară după rânduiala Bisericii răsăritului. Supt stăpânirea Prea Înălţatului Înpărat al Austriei, şi Marelui Prinţ Ardealului Domnului Domn Francisc al doilea cu blagoslovenia Exelenţiei sale Prea o sfinţitului domn Ioann Bobb vlădicul Făgăraşului, şi al Prea Înălţatei Cesaro Crăeştii mărimi sfetnc din lăuntru</subfield>
      <subfield code="h">[Carte tipărită]</subfield>
    </datafield>
    <datafield tag="250" ind1=" " ind2=" ">
      <subfield code="a">Ed. a 2-a</subfield>
    </datafield>
    <datafield tag="260" ind1=" " ind2=" ">
      <subfield code="a">Blaj</subfield>
      <subfield code="b">Tiparul Seminarului</subfield>
      <subfield code="c">1808</subfield>
    </datafield>
    <datafield tag="300" ind1=" " ind2=" ">
      <subfield code="a">[1] f., 212 f. ; 36 cm</subfield>
    </datafield>
    <datafield tag="500" ind1=" " ind2=" ">
      <subfield code="a">Text în limba română cu caractere chirilice. Greşeli de paginaţie: p. 76 e numerotată 75. Legătura: coperţi din lemn învelite în piele; se mai păstrează cheotorile, una dintre ele este funcţională. Însemnări: foaia de titlu: Această S. Penticostariu sau luat cu 22 [...]. Observaţii: coperta 3: ştampilă cu textul: Anticariat Sibiu. Lei 1000; numeroase pete de ceară pe mai multe file. (746 BRV)</subfield>
    </datafield>
    <datafield tag="650" ind1=" " ind2=" ">
      <subfield code="a">cult public</subfield>
    </datafield>
    <datafield tag="650" ind1=" " ind2=" ">
      <subfield code="a">biserica creştină</subfield>
    </datafield>
    <datafield tag="650" ind1=" " ind2=" ">
      <subfield code="a">cărţi liturgice</subfield>
    </datafield>
    <datafield tag="650" ind1=" " ind2=" ">
      <subfield code="a">carte românească veche</subfield>
    </datafield>
    <datafield tag="650" ind1=" " ind2=" ">
      <subfield code="a">teologie creştină</subfield>
    </datafield>
    <datafield tag="650" ind1=" " ind2=" ">
      <subfield code="a">teologie</subfield>
    </datafield>
    <datafield tag="650" ind1=" " ind2=" ">
      <subfield code="a">penticostar</subfield>
    </datafield>
    <datafield tag="856" ind1=" " ind2=" ">
      <subfield code="u">http://www.dspace.bjastrasibiu.ro/bitstream/123456789/10638/1/BJA_CS_000276_BRV_0001-0430.pdf</subfield>
    </datafield>
    <datafield tag="995" ind1=" " ind2=" ">
      <subfield code="a">Colecţii Speciale - BRV</subfield>
      <subfield code="D">0.01</subfield>
      <subfield code="e">BRV276</subfield>
      <subfield code="F">Sediul_Central_A</subfield>
      <subfield code="j">746 BRV</subfield>
      <subfield code="U">Available</subfield>
      <subfield code="W">Oct 28, 2019</subfield>
      <subfield code="y">BRV276</subfield>
      <subfield code="Z">Împrumut la Sala</subfield>
    </datafield>
  </record>