
  <record>
    <leader>00000nam a2200000 a 4500</leader>
    <controlfield tag="001">BJSB444467</controlfield>
    <controlfield tag="008">191028s1808####|||||||||||||||||#||####u</controlfield>
    <datafield tag="050" ind1=" " ind2=" ">
      <subfield code="a">232.96; 094.1(498)</subfield>
    </datafield>
    <datafield tag="100" ind1=" " ind2=" ">
      <subfield code="a">Aaron, Vasile</subfield>
    </datafield>
    <datafield tag="245" ind1="1" ind2="1">
      <subfield code="a">[Patima şi moartea Domnului şi Mântuitoriului nostru Isus Hristos de Vasilie Aaron în Marele Prinţipat al Ardealului jurat procurator în verşuri alcătuită de nou prin acelaşi îndreptată şi acum a doao oară cu a mai multora cheltuiale tipărită]</subfield>
      <subfield code="c">Vasilie Aaron</subfield>
      <subfield code="h">[Carte tipărită]</subfield>
    </datafield>
    <datafield tag="250" ind1=" " ind2=" ">
      <subfield code="a">Ed. a 2-a</subfield>
    </datafield>
    <datafield tag="260" ind1=" " ind2=" ">
      <subfield code="a">Sibiu</subfield>
      <subfield code="b">Tipografia Ioan Bart</subfield>
      <subfield code="c">1808</subfield>
    </datafield>
    <datafield tag="300" ind1=" " ind2=" ">
      <subfield code="a">p. 33-220, 223-294, 299-320; 17 cm</subfield>
    </datafield>
    <datafield tag="500" ind1=" " ind2=" ">
      <subfield code="a">Lipsește fila de titlu. Titlul a fost reprodus din Bibliografia Românească Veche, tom II, 1905, p. 520-522. Text în limba română cu caractere chirilice. Paginaţie: exemplar incomplet; lipsesc primele 8 file nenumerotate, p. 1-32, 221-222, 295-298, 321-360. Legătura: exemplar deteriorat; se păstrează în folie de protecţie. Observaţii: ultima filă a cărţii, ştampilă: (Anticariat) 375. (732 BRV)</subfield>
    </datafield>
    <datafield tag="650" ind1=" " ind2=" ">
      <subfield code="a">teologie</subfield>
    </datafield>
    <datafield tag="650" ind1=" " ind2=" ">
      <subfield code="a">religie</subfield>
    </datafield>
    <datafield tag="650" ind1=" " ind2=" ">
      <subfield code="a">religie creştină</subfield>
    </datafield>
    <datafield tag="650" ind1=" " ind2=" ">
      <subfield code="a">Iisus Hristos</subfield>
    </datafield>
    <datafield tag="650" ind1=" " ind2=" ">
      <subfield code="a">cristologie</subfield>
    </datafield>
    <datafield tag="650" ind1=" " ind2=" ">
      <subfield code="a">patimile lui Cristos</subfield>
    </datafield>
    <datafield tag="856" ind1=" " ind2=" ">
      <subfield code="u">http://www.dspace.bjastrasibiu.ro/bitstream/123456789/10684/1/BJA_CS_000478_BRV_0001-0284.pdf</subfield>
    </datafield>
    <datafield tag="995" ind1=" " ind2=" ">
      <subfield code="a">Colecţii Speciale - BRV</subfield>
      <subfield code="D">0.01</subfield>
      <subfield code="e">BRV478</subfield>
      <subfield code="F">Sediul_Central_A</subfield>
      <subfield code="j">732 BRV</subfield>
      <subfield code="U">Available</subfield>
      <subfield code="W">Oct 28, 2019</subfield>
      <subfield code="y">BRV478</subfield>
      <subfield code="Z">Împrumut la Sala</subfield>
    </datafield>
  </record>