
  <record>
    <leader>00000nam a2200000 a 4500</leader>
    <controlfield tag="001">BJSB444466</controlfield>
    <controlfield tag="008">191028s1807####|||||||||||||||||#||####u</controlfield>
    <datafield tag="050" ind1=" " ind2=" ">
      <subfield code="a">241.5; 094.1(498)</subfield>
    </datafield>
    <datafield tag="100" ind1=" " ind2=" ">
      <subfield code="a">Horga Popovici, Nicolae</subfield>
    </datafield>
    <datafield tag="245" ind1="1" ind2="0">
      <subfield code="a">Oglindă arătată omului înţelept, care cuprinde în sine vechile întâmplări cu pildă adusă, cumui de lipsă omului ase cunoaşte, şi celui de aproape îngăduit a fi din înţelepciunea sa. Scrisusau neamului pentru mărirea înainte, prin Nicolae Horga almintrile Popovici. Greco ne unitei legi parohul Seleuşului în slăvită varmeghia Aradului anul dela Hs 1801.</subfield>
      <subfield code="c">Nicolae Horga Popovici</subfield>
      <subfield code="h">[Carte tipărită]</subfield>
    </datafield>
    <datafield tag="260" ind1=" " ind2=" ">
      <subfield code="a">Buda</subfield>
      <subfield code="b">Crăiasca Tipografie a Universității Ungurești</subfield>
      <subfield code="c">1807</subfield>
    </datafield>
    <datafield tag="300" ind1=" " ind2=" ">
      <subfield code="a">[9] p., 156 p.</subfield>
    </datafield>
    <datafield tag="500" ind1=" " ind2=" ">
      <subfield code="a">Text în limba română cu caractere chirilice. Legătura: carton recent marmorat. Însemnări: coperta 2: Pentru biblioteca scolei Resinari. Sab. Popovici. Observaţii: ştampilă de formă dreptunghiulară cu textul: Biblioteca „Astrei” (Asociaţiunea pentru lit. rom. şi cultura poporului român). Centrala Sibiu. Nr. 3574 pe foaia de gardă v, fila 2; exemplar incomplet, lipsesc p. 157-158. (720 BRV)</subfield>
    </datafield>
    <datafield tag="650" ind1=" " ind2=" ">
      <subfield code="a">teologie</subfield>
    </datafield>
    <datafield tag="650" ind1=" " ind2=" ">
      <subfield code="a">teologie practică</subfield>
    </datafield>
    <datafield tag="650" ind1=" " ind2=" ">
      <subfield code="a">teologie morală</subfield>
    </datafield>
    <datafield tag="650" ind1=" " ind2=" ">
      <subfield code="a">virtuţi</subfield>
    </datafield>
    <datafield tag="856" ind1=" " ind2=" ">
      <subfield code="u">http://www.dspace.bjastrasibiu.ro/bitstream/123456789/10602/1/BJA_CS_000116_BRV_0001-0192.pdf</subfield>
    </datafield>
    <datafield tag="995" ind1=" " ind2=" ">
      <subfield code="a">Colecţii Speciale - BRV</subfield>
      <subfield code="D">0.01</subfield>
      <subfield code="e">BRV116</subfield>
      <subfield code="F">Sediul_Central_A</subfield>
      <subfield code="j">720 BRV</subfield>
      <subfield code="U">Available</subfield>
      <subfield code="W">Oct 28, 2019</subfield>
      <subfield code="y">BRV116</subfield>
      <subfield code="Z">Împrumut la Sala</subfield>
    </datafield>
  </record>