
  <record>
    <leader>00000nam a2200000 a 4500</leader>
    <controlfield tag="001">BJSB444465</controlfield>
    <controlfield tag="008">191027s1806####|||||||||||||||||#||####u</controlfield>
    <datafield tag="050" ind1=" " ind2=" ">
      <subfield code="a">094.1(498); 264-15; 226</subfield>
    </datafield>
    <datafield tag="245" ind1="0" ind2="0">
      <subfield code="a">[Sfânta şi dumnezeiasca Evanghelie acum întru acestaşi chip tipărită: în zilele Prea Luminatului şi Prea Înălţatului înpărat Franciscus al duoilea. Cu slobozenia s. consistorium neunit din Ardeal.]</subfield>
      <subfield code="h">[Carte tipărită]</subfield>
    </datafield>
    <datafield tag="260" ind1=" " ind2=" ">
      <subfield code="a">Sibiu</subfield>
      <subfield code="b">Tipografia Ioan Bart</subfield>
      <subfield code="c">1806</subfield>
    </datafield>
    <datafield tag="300" ind1=" " ind2=" ">
      <subfield code="a">[2] f., 270 p.</subfield>
    </datafield>
    <datafield tag="500" ind1=" " ind2=" ">
      <subfield code="a">Exemplar incomplet. Lipsesc fila de titul și p. 271-276. Titlul a fost reprodus din Bibliografia Românească Veche, tom II, 1936, p. 699. Text în limba română cu texte chirilice. Legătură: coperţi din lemn învelite în piele; cotorul deteriorat; mai păstrează urmele cheotorilor. Însemnări: foaia de gardă de la începutul cărţii: [...] în această parochie Anania Decei -Hamba Andreiu Beily - Şura-mare Dimitrie [...] - Selisce Chirilă Mărginean [...] Nicolau Deacu – Vulperu Avram Mihuletiu Şura-mică Ivan [...] [Şura-mică]; coperta 3: Evangheliele la S. Maslu a 1) În Duminecă 25 după Rusale a 2) În Dum. 32 după Rusale a 3) în [...] Novembrie a 4) În Sambetă a 4 septam după Rusale a 5) În Samb a 17 sept. după Rusale a 6) În Dum. a 17 sept. dupe Rus. A 7) Sambata a 5 dupa Rus. Observaţii: exemplar incomplet, lipsesc foaia de titlul şi p. 271-276; coperta 3 ştampilă: Anticariat Sibiu Lei 625; numeroase pete de ceară pe mai multe file. (699 BRV)</subfield>
    </datafield>
    <datafield tag="650" ind1=" " ind2=" ">
      <subfield code="a">Biblia</subfield>
    </datafield>
    <datafield tag="650" ind1=" " ind2=" ">
      <subfield code="a">teologie</subfield>
    </datafield>
    <datafield tag="650" ind1=" " ind2=" ">
      <subfield code="a">cărţi liturgice</subfield>
    </datafield>
    <datafield tag="650" ind1=" " ind2=" ">
      <subfield code="a">carte românească veche</subfield>
    </datafield>
    <datafield tag="650" ind1=" " ind2=" ">
      <subfield code="a">evanghelii</subfield>
    </datafield>
    <datafield tag="650" ind1=" " ind2=" ">
      <subfield code="a">Noul Testament</subfield>
    </datafield>
    <datafield tag="856" ind1=" " ind2=" ">
      <subfield code="u">http://www.dspace.bjastrasibiu.ro/bitstream/123456789/10678/1/BJA_CS_000378_BRV_0001-0378.pdf</subfield>
    </datafield>
    <datafield tag="995" ind1=" " ind2=" ">
      <subfield code="a">Colecţii Speciale - BRV</subfield>
      <subfield code="D">0.01</subfield>
      <subfield code="e">BRV378</subfield>
      <subfield code="F">Sediul_Central_A</subfield>
      <subfield code="j">699 BRV</subfield>
      <subfield code="U">Available</subfield>
      <subfield code="W">Oct 27, 2019</subfield>
      <subfield code="y">BRV378</subfield>
      <subfield code="Z">Împrumut la Sala</subfield>
    </datafield>
  </record>