
  <record>
    <leader>00000nam a2200000 a 4500</leader>
    <controlfield tag="001">BJSB444464</controlfield>
    <controlfield tag="008">191027s1806####|||||||||||||||||#||####u</controlfield>
    <datafield tag="050" ind1=" " ind2=" ">
      <subfield code="a">094.1(498); 23; 276(Ioan Damaschin, Sfânt)</subfield>
    </datafield>
    <datafield tag="245" ind1="0" ind2="0">
      <subfield code="a">Acelui întru sfinţi părintelui nostru Ioann Damaschin descoperire cu amăruntul a pravoslavnicii credinţe tălmăcită din limba elinească acum întru a doao domnie aicea a Prea Luminatului şi Prea Înălţatului nostru Domn, Alexandru Constantin Muruz vvd: din porunca Prea osfinţitului Arhiepiscop şi Mitropolit a toată Moldavia, chiriu chir Veniamin: cu a căruia blagoslovenie şi cheltuială sau dat şi în tipariu spre folosul de obşte: adăogânduse la sfârşit şi oarecare însemnări</subfield>
      <subfield code="c">Editor Veniamin, Arhiepiscop și Mitropolit al Moldovei</subfield>
      <subfield code="h">[Carte tipărită]</subfield>
    </datafield>
    <datafield tag="260" ind1=" " ind2=" ">
      <subfield code="a">Iași</subfield>
      <subfield code="b">Tipografia Sfintei Mitropolii</subfield>
      <subfield code="c">1806</subfield>
    </datafield>
    <datafield tag="300" ind1=" " ind2=" ">
      <subfield code="a">[10], 564 p.</subfield>
    </datafield>
    <datafield tag="500" ind1=" " ind2=" ">
      <subfield code="a">Text în limba română cu caractere chirilice. Legătură: coperţi din carton învelit în piele. Însemnări: fila 3 v: Aqueasta quarte este proprietatea sub semnatului. 1872 Aprilu 26. I. G. Bulău (?). Observaţii: coperta 3, ştampilă: Anticariat nr. 1. Lei 400. (697 BRV)</subfield>
    </datafield>
    <datafield tag="650" ind1=" " ind2=" ">
      <subfield code="a">Ioan Damaschin, Sfânt</subfield>
    </datafield>
    <datafield tag="650" ind1=" " ind2=" ">
      <subfield code="a">patristică</subfield>
    </datafield>
    <datafield tag="650" ind1=" " ind2=" ">
      <subfield code="a">teologie dogmatică</subfield>
    </datafield>
    <datafield tag="650" ind1=" " ind2=" ">
      <subfield code="a">teologie</subfield>
    </datafield>
    <datafield tag="650" ind1=" " ind2=" ">
      <subfield code="a">carte românească veche</subfield>
    </datafield>
    <datafield tag="650" ind1=" " ind2=" ">
      <subfield code="a">ortodoxie</subfield>
    </datafield>
    <datafield tag="650" ind1=" " ind2=" ">
      <subfield code="a">credinţă</subfield>
    </datafield>
    <datafield tag="856" ind1=" " ind2=" ">
      <subfield code="u">http://www.dspace.bjastrasibiu.ro/bitstream/123456789/10685/1/BJA_CS_000425_CRV_0001-0590.pdf</subfield>
    </datafield>
    <datafield tag="995" ind1=" " ind2=" ">
      <subfield code="a">Colecţii Speciale - BRV</subfield>
      <subfield code="D">0.01</subfield>
      <subfield code="e">BRV425</subfield>
      <subfield code="F">Sediul_Central_A</subfield>
      <subfield code="j">697 BRV</subfield>
      <subfield code="U">Available</subfield>
      <subfield code="W">Oct 27, 2019</subfield>
      <subfield code="y">BRV425</subfield>
      <subfield code="Z">Împrumut la Sala</subfield>
    </datafield>
  </record>