
  <record>
    <leader>00000nam a2200000 a 4500</leader>
    <controlfield tag="001">BJSB444463</controlfield>
    <controlfield tag="008">191027s1806####|||||||||||||||||#||####u</controlfield>
    <datafield tag="050" ind1=" " ind2=" ">
      <subfield code="a">094.1(498); 264-13</subfield>
    </datafield>
    <datafield tag="245" ind1="0" ind2="0">
      <subfield code="a">Orologhion adecă Ceasoslov bogat. Acum întâi tipărit în limba românească în zilele Prea Înălţatului Înpărat al Austrii Franciscus cel din tâi. Cu blagoslovenia cinstitului consistorium al pravoslavnicii legii ne unite din Marele Prinţipat al Ardealului. Cu toată cheltuiala fraţilor chirii Constantin şi Ioann Bogici</subfield>
      <subfield code="c">Editori Constantin Bogici, Ioan Bogici</subfield>
      <subfield code="h">[Carte tipărită]</subfield>
    </datafield>
    <datafield tag="250" ind1=" " ind2=" ">
      <subfield code="a">Ed.1</subfield>
    </datafield>
    <datafield tag="260" ind1=" " ind2=" ">
      <subfield code="a">Brașov</subfield>
      <subfield code="b">Privileghiata tipografie din Brașov</subfield>
      <subfield code="c">1806</subfield>
    </datafield>
    <datafield tag="300" ind1=" " ind2=" ">
      <subfield code="a">[2] f., 616 p.</subfield>
    </datafield>
    <datafield tag="500" ind1=" " ind2=" ">
      <subfield code="a">Text în limba română cu caractere chirilice Legătură: coperţi din lemn învelite în piele; se mai păstrază urmele cheotorilor. Însemnări: fila 2: [...] lui sau început întăiu [...]; Toma Lupu din Sacadate e anul 189[...]; p. 133: lumină lină sau [...] în întăi [...]; p. 230: Acest Ceasoslov iaste a popu[...] satu parohu […] în slujaşte cunpărat la anu Domn. 807; p. 413: [...] pre roaba (?) când era e [...] ştie glava spre ce [...]; p. 458: Situ[...] şi Arhimandritul acesta au fost în vremea înpărăţiei lui Moisii înpăratul, şi alui Leon cel mare născut în satu (?) Eirii (?). În tinereţea sale au păscut oile părinţilor săi sau tuns în călugărie când au fost de 15 (?) ani sau suit în [...] în vremea înpăraţiei lui Maria[..] înpărat şi au petrecut apoi 47 de ani apoi au adormit în Domnul în vremea înpărăţiei a aceluiaşi înpărat Leon cel mare la anii de la Hristos [...] Care a fost în vremea [...] a prea sfintei Mariei lui [...] întru Ezer (?) [...] după treacerea sa mulţi ani sau găsit de credincioşi [...] înpăratului Mihail şi la Teodorii la anii [...] şi pentru aceasta sau aşăzat să să [...]; p. 459: Is fiind lui [...] Această au apucat în naintea Naşterii lui Hs  [...] şi sau fost [...]; numeroase însemnări tipiconale: p. 461-462, 466-483, 485, 487-493; 495, 497-504, 506-519, 521, 526, 539, 550-552, 555, 557-559, 563, 568-570, 573, 596, 615-616. Observaţii: exemplar incomplet, lipsesc două file nenumerotate; numeroase pete de ceară pe multe file. (693 BRV)</subfield>
    </datafield>
    <datafield tag="650" ind1=" " ind2=" ">
      <subfield code="a">cărţi liturgice</subfield>
    </datafield>
    <datafield tag="650" ind1=" " ind2=" ">
      <subfield code="a">ceaslov</subfield>
    </datafield>
    <datafield tag="650" ind1=" " ind2=" ">
      <subfield code="a">carte românească veche</subfield>
    </datafield>
    <datafield tag="650" ind1=" " ind2=" ">
      <subfield code="a">biserica creştină</subfield>
    </datafield>
    <datafield tag="856" ind1=" " ind2=" ">
      <subfield code="u">http://www.dspace.bjastrasibiu.ro/bitstream/123456789/10639/1/BJA_CS_000285_BRV_0001-0622.pdf</subfield>
    </datafield>
    <datafield tag="995" ind1=" " ind2=" ">
      <subfield code="a">Colecţii Speciale - BRV</subfield>
      <subfield code="D">0.01</subfield>
      <subfield code="e">BRV285</subfield>
      <subfield code="F">Sediul_Central_A</subfield>
      <subfield code="j">693 BRV</subfield>
      <subfield code="U">Available</subfield>
      <subfield code="W">Oct 27, 2019</subfield>
      <subfield code="y">BRV285</subfield>
      <subfield code="Z">Împrumut la Sala</subfield>
    </datafield>
  </record>