
  <record>
    <leader>00000nam a2200000 a 4500</leader>
    <controlfield tag="001">BJSB444462</controlfield>
    <controlfield tag="008">191027s1806####|||||||||||||||||#||####u</controlfield>
    <datafield tag="050" ind1=" " ind2=" ">
      <subfield code="a">094.1(498); 631(035)</subfield>
    </datafield>
    <datafield tag="245" ind1="0" ind2="0">
      <subfield code="a">Povăţuire cătră economia de câmp pentru folosul şcoalelor româneşti celor din Țara Ungurească, şi din părţile ei înpreunate. Cu milostiva îngăduinţă a înpărăteştii, şi cesaro - crăeştii, şi apostoliceştei măriri. nelegată cu 30 crei</subfield>
      <subfield code="h">[Carte tipărită]</subfield>
    </datafield>
    <datafield tag="260" ind1=" " ind2=" ">
      <subfield code="a">Buda</subfield>
      <subfield code="b">Crăiasca Tipografie a Universității Ungurești</subfield>
      <subfield code="c">1806</subfield>
    </datafield>
    <datafield tag="300" ind1=" " ind2=" ">
      <subfield code="a">223 p., [15] p.</subfield>
    </datafield>
    <datafield tag="500" ind1=" " ind2=" ">
      <subfield code="a">Text în limba română cu caractere chirilice. Legătură: carton recent de culoare albastră. Observaţii: ştampilă de formă dreptunghiulară cu  textul: Biblioteca „Astrei” (Asociaţiunea pentru lit. rom. şi cultura poporului român). Centrala Sibiu Nr. 33514, pe p. 2, 3; ştampilă ovală cu textul: Biblioteca Centrală a Asociaţiunii Sibiiu, pe foaia de titlu, p. 101, ultima p. nenumerotată; ştampilă ovală cu textul: Biblioteca Ligei Culturale Bucureşti pe foaia de titlu.(702 BRV)</subfield>
    </datafield>
    <datafield tag="650" ind1=" " ind2=" ">
      <subfield code="a">manuale</subfield>
    </datafield>
    <datafield tag="650" ind1=" " ind2=" ">
      <subfield code="a">agricultură</subfield>
    </datafield>
    <datafield tag="650" ind1=" " ind2=" ">
      <subfield code="a">carte românească veche</subfield>
    </datafield>
    <datafield tag="856" ind1=" " ind2=" ">
      <subfield code="u">http://www.dspace.bjastrasibiu.ro/bitstream/123456789/10585/1/BJA_CS_000114_BRV_0001-0246.pdf</subfield>
    </datafield>
    <datafield tag="995" ind1=" " ind2=" ">
      <subfield code="a">Colecţii Speciale - BRV</subfield>
      <subfield code="D">0.01</subfield>
      <subfield code="e">BRV114</subfield>
      <subfield code="F">Sediul_Central_A</subfield>
      <subfield code="j">702 BRV</subfield>
      <subfield code="U">Available</subfield>
      <subfield code="W">Oct 27, 2019</subfield>
      <subfield code="y">BRV114</subfield>
      <subfield code="Z">Împrumut la Sala</subfield>
    </datafield>
  </record>