
  <record>
    <leader>00000nam a2200000 a 4500</leader>
    <controlfield tag="001">BJSB444459</controlfield>
    <controlfield tag="008">191027s1805####|||||||||||||||||#||####u</controlfield>
    <datafield tag="050" ind1=" " ind2=" ">
      <subfield code="a">094.1(498); 264-12</subfield>
    </datafield>
    <datafield tag="245" ind1="0" ind2="0">
      <subfield code="a">Mineiul luna lui ianuarie. Carele mai întâiu sau fost tipărit tălmăcit prin nevoinţa prea-osfinţitului Episcop a Râmnicului Chesarie iară acum a doua oară după izvodul cel adevărat al mineiului celui mare dat la tipariu în zilele Prea-înălţatului înpărat al romanilor şi apostolicesului craiu Francisc al doilea cu blagoslovenia Exţelenţiei sale Prea - osfinţitului domn Stefan Stratimirovici Arhiepiscopul şi Mitropolitul Bisearicii răsăritului din Carloveţ</subfield>
      <subfield code="c">Trad. de Chesarie, Episcopul Râmnicului și Stefan Stratimirovici, Arhiepiscopul și Mitropolitul Bisericii Ortodoxe din Carloveț</subfield>
      <subfield code="h">[Carte tipărită]</subfield>
    </datafield>
    <datafield tag="250" ind1=" " ind2=" ">
      <subfield code="a">Ed. a 2-a</subfield>
    </datafield>
    <datafield tag="260" ind1=" " ind2=" ">
      <subfield code="a">Buda</subfield>
      <subfield code="b">Crăiasca Tipografie a Universității din Pesta</subfield>
      <subfield code="c">1805</subfield>
    </datafield>
    <datafield tag="300" ind1=" " ind2=" ">
      <subfield code="a">[4] f., 222 f.</subfield>
    </datafield>
    <datafield tag="500" ind1=" " ind2=" ">
      <subfield code="a">Text în limba română cu caractere chirilice Greşeli de paginaţie: fila 12 e numerotată 9; fila 13 e numerotată 11; fila 14 e numerotată 2; fila 23 e numerotată 22; fila 25 e numerotată 23; fila 26 e numerotată 24; fila 54 e numerotată 57; fila 205 e numerotată 206. Legătura: coperţi din carton recent marmorat; cotorul din pânză este parţial deteriorat. Însemnări: coperta 2: Reparatu de cantorul Vasile Voica la anulu 1928 în 2 februarie; fila 9: Sfintei besereci; fila 10: ne-unită dela Nucet; fila 11: de Popa Toma Tatu (?); fila 12: din Săcădate; fila 13: Anu 1835 Mai 26; fila 13: Dat de mine smeritul popa Toma Tatu (?). Observaţii: fila 4 nenumerotată v textul: ”Al tuturor fierbinte rugătoriu cătră Dmmezeu smeritul episcop al Râmnicului”; coperta 3: Mineiul lunii lui Ianuarie 1805. Anticariat Sibiu. Lei 200; numeroase picături de ceară pe filele tipăriturii. (668 BRV)</subfield>
    </datafield>
    <datafield tag="650" ind1=" " ind2=" ">
      <subfield code="a">cult public</subfield>
    </datafield>
    <datafield tag="650" ind1=" " ind2=" ">
      <subfield code="a">mineie</subfield>
    </datafield>
    <datafield tag="650" ind1=" " ind2=" ">
      <subfield code="a">cărţi liturgice</subfield>
    </datafield>
    <datafield tag="650" ind1=" " ind2=" ">
      <subfield code="a">carte românească veche</subfield>
    </datafield>
    <datafield tag="856" ind1=" " ind2=" ">
      <subfield code="u">http://www.dspace.bjastrasibiu.ro/bitstream/123456789/10642/1/BJA_CS_000301_BRV_0001-0452.pdf</subfield>
    </datafield>
    <datafield tag="995" ind1=" " ind2=" ">
      <subfield code="a">Colecţii Speciale - BRV</subfield>
      <subfield code="D">0.01</subfield>
      <subfield code="e">BRV301</subfield>
      <subfield code="F">Sediul_Central_A</subfield>
      <subfield code="j">668 BRV</subfield>
      <subfield code="U">Available</subfield>
      <subfield code="W">Oct 27, 2019</subfield>
      <subfield code="y">BRV301</subfield>
      <subfield code="Z">Împrumut la Sala</subfield>
    </datafield>
  </record>