
  <record>
    <leader>00000nam a2200000 a 4500</leader>
    <controlfield tag="001">BJSB444458</controlfield>
    <controlfield tag="008">191027s1805####|||||||||||||||||#||####u</controlfield>
    <datafield tag="050" ind1=" " ind2=" ">
      <subfield code="a">094.1(498); 264-19</subfield>
    </datafield>
    <datafield tag="245" ind1="0" ind2="0">
      <subfield code="a">Cele opt glasuri sau Octoihul cel mic înpreună cu sveatealiele, voscreasnele, bogorodnicele preste tot anul, şi şi podobile glasurilor</subfield>
      <subfield code="c">Editor Constantin Boghici</subfield>
      <subfield code="h">[Carte tipărită]</subfield>
    </datafield>
    <datafield tag="260" ind1=" " ind2=" ">
      <subfield code="a">Brașov</subfield>
      <subfield code="b">Tipografia lui Gheorghe Șobei</subfield>
      <subfield code="c">1805</subfield>
    </datafield>
    <datafield tag="300" ind1=" " ind2=" ">
      <subfield code="a">[1] f., 198 p. ; il.</subfield>
    </datafield>
    <datafield tag="500" ind1=" " ind2=" ">
      <subfield code="a">Text în limba română cu caractere chirilice Legătură: carton recent marmorat. Însemnări: foaia de gardă de la începutul cărţii: Romenischis [...]. Observaţii: ştampilă de formă dreptunghiulară cu textul: Biblioteca „Astrei” (Asociaţiunea pentru lit. rom. şi cultura poporului român). Centrala Sibiu Nr. 289 I pe p. 120;  ştampilă ovală cu textul: Biblioteca Centrală a Asociaţiunii Sibiiu pe p. 29, 77; ştampilă ovală cu textul: Biblioteca Asociat. Tranne Rom. P. Cult. Şi Lit. Pop. Rom. pe foaia de titlu; ştampilă ovală din care s-a mai păstrat cuvântul Hermannstadt; textul paginii de titlu diferă faţă de exemplarul descris de Bibliografia Românească Veche (posibil un alt tiraj). (683 BRV)</subfield>
    </datafield>
    <datafield tag="650" ind1=" " ind2=" ">
      <subfield code="a">carte românească veche</subfield>
    </datafield>
    <datafield tag="650" ind1=" " ind2=" ">
      <subfield code="a">cult public</subfield>
    </datafield>
    <datafield tag="650" ind1=" " ind2=" ">
      <subfield code="a">octoih</subfield>
    </datafield>
    <datafield tag="650" ind1=" " ind2=" ">
      <subfield code="a">cărţi liturgice</subfield>
    </datafield>
    <datafield tag="856" ind1=" " ind2=" ">
      <subfield code="u">http://www.dspace.bjastrasibiu.ro/bitstream/123456789/10150/1/BJA_CS_000107_CRV_0001-0206.pdf</subfield>
    </datafield>
    <datafield tag="995" ind1=" " ind2=" ">
      <subfield code="a">Colecţii Speciale - BRV</subfield>
      <subfield code="D">0.01</subfield>
      <subfield code="e">BRV107</subfield>
      <subfield code="F">Sediul_Central_A</subfield>
      <subfield code="j">683 BRV</subfield>
      <subfield code="U">Available</subfield>
      <subfield code="W">Oct 27, 2019</subfield>
      <subfield code="y">BRV107</subfield>
      <subfield code="Z">Împrumut la Sala</subfield>
    </datafield>
  </record>