
  <record>
    <leader>00000nam a2200000 a 4500</leader>
    <controlfield tag="001">BJSB444456</controlfield>
    <controlfield tag="008">191027s1805####|||||||||||||||||#||####u</controlfield>
    <datafield tag="050" ind1=" " ind2=" ">
      <subfield code="a">094.1(498); 264-19</subfield>
    </datafield>
    <datafield tag="245" ind1="0" ind2="0">
      <subfield code="a">Penticostarion, ce cuprinde întru sine slujba ce i să cuvine: din sfânta şi luminata duminecă a paştilor, pănă la dumineca tuturor sfinţilor. Acum întru acestaşi chip tipărit: în zilele Prea Luminatului, şi Prea Înălţatului Înpărat Franciscus al doilea. Cu slobozenia C. Conzistorium neunit din Ardeal</subfield>
      <subfield code="h">[Carte tipărită]</subfield>
    </datafield>
    <datafield tag="260" ind1=" " ind2=" ">
      <subfield code="a">Sibiu</subfield>
      <subfield code="b">Tipografia Ioan Bart</subfield>
      <subfield code="c">1805</subfield>
    </datafield>
    <datafield tag="300" ind1=" " ind2=" ">
      <subfield code="a">[1] f., 362 p.</subfield>
    </datafield>
    <datafield tag="500" ind1=" " ind2=" ">
      <subfield code="a">Text în limba română cu caractere chirilice Legătura: coperţi din lemn învelite în piele; se mai păstrează urmele cheotorilor. Însemnări: p. 265: Dumineca de cincizecilea făcut slujba Părintele Constantin Crişan (?) [...] 1942; p. 267: [...] elev cl I B. Particular şi cântăreţ; coperta 3: Constantin Ciubotaru. Numit cătăreţ la Parelia (?) Holt Numit în anul 1943 Iul. Păstorirea Preotului C. Ungureanu (?). Observaţii: coperta 3: etichetă cu textul: Anticariat Lei 600; numeroase pete de ceară. (685 BRV)</subfield>
    </datafield>
    <datafield tag="650" ind1=" " ind2=" ">
      <subfield code="a">cult public</subfield>
    </datafield>
    <datafield tag="650" ind1=" " ind2=" ">
      <subfield code="a">carte românească veche</subfield>
    </datafield>
    <datafield tag="650" ind1=" " ind2=" ">
      <subfield code="a">cărţi liturgice</subfield>
    </datafield>
    <datafield tag="650" ind1=" " ind2=" ">
      <subfield code="a">penticostar</subfield>
    </datafield>
    <datafield tag="856" ind1=" " ind2=" ">
      <subfield code="u">http://www.dspace.bjastrasibiu.ro/bitstream/123456789/10669/1/BJA_CS_000355_BRV_0001-0368.pdf</subfield>
    </datafield>
    <datafield tag="995" ind1=" " ind2=" ">
      <subfield code="a">Colecţii Speciale - BRV</subfield>
      <subfield code="D">0.01</subfield>
      <subfield code="e">BRV355</subfield>
      <subfield code="F">Sediul_Central_A</subfield>
      <subfield code="j">685 BRV</subfield>
      <subfield code="U">Available</subfield>
      <subfield code="W">Oct 27, 2019</subfield>
      <subfield code="y">BRV355</subfield>
      <subfield code="Z">Împrumut la Sala</subfield>
    </datafield>
  </record>