
  <record>
    <leader>00000nam a2200000 a 4500</leader>
    <controlfield tag="001">BJSB444455</controlfield>
    <controlfield tag="008">191027s1805####|||||||||||||||||#||####u</controlfield>
    <datafield tag="050" ind1=" " ind2=" ">
      <subfield code="a">904.1(498); 264-15, 226.014</subfield>
    </datafield>
    <datafield tag="100" ind1=" " ind2=" ">
      <subfield code="a">Zigadinos, Evtimie</subfield>
    </datafield>
    <datafield tag="245" ind1="1" ind2="2">
      <subfield code="a">A lui Teofilact Arhiepiscopul Bulgariei tâlcuire la cele patru evanghelii din limba elinească tălmăcită, şi cu însemnări oarecare dela Evtimie Zigadinos adăogită. Iară acum întâi tipărită întru a doao domnie aici a Prea Luminatului şi Prea Înălţatului nostru Domn Alexandru Constantin Muruzi vvd: cu blagoslovenia şi toată chieltuiala Prea o sfinţitului Arhiepiscop şi Mitropolit a toată Moldavia chiriu chir Veniamin întru al treilea an al arhiepiscopiei prea o sfinţiei sale</subfield>
      <subfield code="c">Teofilact Arhiepiscopul Bulgariei, Evtimie Zigadinos ; editor Veniamin Arhiepiscopul și Mitropolitul Moldovei ; Gherasim ierodiacon, Costachi Ponici</subfield>
      <subfield code="h">[Carte tipărită]</subfield>
    </datafield>
    <datafield tag="250" ind1=" " ind2=" ">
      <subfield code="a">Ed. 1</subfield>
    </datafield>
    <datafield tag="260" ind1=" " ind2=" ">
      <subfield code="a">Iași</subfield>
      <subfield code="b">Tipografia Sfintei Mitropolii</subfield>
      <subfield code="c">1805</subfield>
    </datafield>
    <datafield tag="300" ind1=" " ind2=" ">
      <subfield code="a">[6] f., 388 p., [3] f., 708 p.</subfield>
    </datafield>
    <datafield tag="500" ind1=" " ind2=" ">
      <subfield code="a">Text în limba română cu texte chirilice Greşeli de numerotare: p. 105 e numerotată 112; p. 111 e numerotată 101; p. 112 e numerotată 110; p. 115 e numerotată 113; p. 124 e numerotată 122; p. 132 e numerotată 133; p. 133 e numerotată 132; p. 135 e numerotată 138; p. 136 e numerotată 138; p. 142 e numerotată 138; p. 145 e numerotată 141; p. 146 e numerotată 142; p. 148 e numerotată 149; p. 197 e numerotată 198; p. 225 e numerotată 210; p. 226 e numerotată  201; p. 227 e numerotată 231; p. 228 e numerotată 232; p. 229 e numerotată 233; p. 237 e numerotată 233; p. 244 e numerotată 240; p. 245 e numerotată 248; p. 246 e numerotată 242; p. 247 e numerotată 233; p. 248 e numerotată 244; p. 251 e numerotată 248; p. 255 e numerotată 254; p. 263 e numerotată 264; p. 296 e numerotată 299; p. 307 e numerotată 303; p. 337 e numerotată 333; p. 351 e numerotată 349; p. 357 e numerotată 349; p. 358 e numerotată 355; p. 361 e numerotată 362; p. 364 e numerotată 353; p. 365 e numerotată 355; p. 367 e numerotată 355; p. 387 e numerotată 380; p. 39 e numerotată 35; p. 129 e numerotată 128; p. 147 e numerotată 139; p. 350 e numerotată 344; p. 351 e numerotată 354; p. 364 e numerotată 359; p. 391 e numerotată 399; p. 399 e numerotată 397; p. 412 e numerotată 402; p. 413 e numerotată 407; p. 414 e numerotată 416; p. 417 e numerotată 407; p. 423 e numerotată 422; p. 429 e numerotată 421; p. 484 e numerotată 444; p. 485 e numerotată 445; Legătura: coperţi din lemn învelite în piele; coperta 1: în plan central scena Răstignirii încadrată de un chenar cu motive geometrice; Coperta 2: în plan central Sfânta Feciioară cu pruncul încadrată de un chenar cu motive geometrice; cheotorile sunt funcţionale. Însemnări: coperta 1 are anexat un fragment de hârtie cu următorul text: Dăruită Casei naţionale de d-na Susana P. Brote. Braşov; foaia de titlu: Dăruită de D-na Susana Petru Brote. Petru Brote 1846; încercări de condei pe coperta 2; coperta 3: În anul 839 în zioa de S. Maria sau mutat din aceasta la [...] viaţă [...]; [...] cu apă caldă să pun [...] 1839. Observaţii: ştampilă de formă dreptunghiulară cu textul: Biblioteca „Astrei” (Asociaţiunea pentru lit. rom. şi cultura poporului român). Centrala Sibiu Nr. pe foaia de titlu. (688 BRV)</subfield>
    </datafield>
    <datafield tag="650" ind1=" " ind2=" ">
      <subfield code="a">Noul Testament</subfield>
    </datafield>
    <datafield tag="650" ind1=" " ind2=" ">
      <subfield code="a">Biblia</subfield>
    </datafield>
    <datafield tag="650" ind1=" " ind2=" ">
      <subfield code="a">cărţi liturgice</subfield>
    </datafield>
    <datafield tag="650" ind1=" " ind2=" ">
      <subfield code="a">carte românească veche</subfield>
    </datafield>
    <datafield tag="650" ind1=" " ind2=" ">
      <subfield code="a">evanghelii</subfield>
    </datafield>
    <datafield tag="700" ind1=" " ind2=" ">
      <subfield code="a">Teofilact, Arhiespiscopul Bulgariei</subfield>
    </datafield>
    <datafield tag="856" ind1=" " ind2=" ">
      <subfield code="u">http://www.dspace.bjastrasibiu.ro/bitstream/123456789/10539/1/BJA_CS_000030_CRV_0001-1116-2.pdf</subfield>
    </datafield>
    <datafield tag="995" ind1=" " ind2=" ">
      <subfield code="a">Colecţii Speciale - BRV</subfield>
      <subfield code="D">0.01</subfield>
      <subfield code="e">BRV030</subfield>
      <subfield code="F">Sediul_Central_A</subfield>
      <subfield code="j">688 BRV</subfield>
      <subfield code="U">Available</subfield>
      <subfield code="W">Oct 27, 2019</subfield>
      <subfield code="y">BRV030</subfield>
      <subfield code="Z">Împrumut la Sala</subfield>
    </datafield>
  </record>