
  <record>
    <leader>00000nam a2200000 a 4500</leader>
    <controlfield tag="001">BJSB444454</controlfield>
    <controlfield tag="008">191027s1804####|||||||||||||||||#||####u</controlfield>
    <datafield tag="050" ind1=" " ind2=" ">
      <subfield code="a">094.1(498); 82-6</subfield>
    </datafield>
    <datafield tag="100" ind1=" " ind2=" ">
      <subfield code="a">Şincai, Gheorghe</subfield>
    </datafield>
    <datafield tag="245" ind1="1" ind2="0">
      <subfield code="a">Epistola Georgii Sinkai de eadem ad spectabilem, et clarissimum virum Ioannem de Lipszky, capitaneum caesareo - regii regiminis eqvestris hungarici, quondam vecseyani, nunc hasso-homburgensis, mappae geographicae provinciarum ad s. Coronam Regni Hungariae pertinentium elucubratorem</subfield>
      <subfield code="c">Gheorghe Șincai</subfield>
      <subfield code="h">[Carte tipărită]</subfield>
    </datafield>
    <datafield tag="260" ind1=" " ind2=" ">
      <subfield code="a">Buda</subfield>
      <subfield code="b">Typis Regiae Universitatis Pestanae</subfield>
      <subfield code="c">1804</subfield>
    </datafield>
    <datafield tag="300" ind1=" " ind2=" ">
      <subfield code="a">VI p., 9 p. ; il.</subfield>
    </datafield>
    <datafield tag="500" ind1=" " ind2=" ">
      <subfield code="a">Legătura: carton recent. Însemnări: coperta 2: A Societăţii de lectură Beiusiu. Szamosfalvi Miklosc O donatu Bibliotecei. Ivanu seu Iovianic Cioplintea a fostu aceasta carte alui Daratei Mihailu annu 1807; foaia de gardă de la începutul cărţii: Daroty 807; foaia de gardă de la începutul cărţii v: Donată Muzeului naţional de societatea literară Samuil Vulcan din Beiuş. 11 Mai 1904. Sever Dan; foaia de titlu: Bârseanu (?) 1893/4; p. 3: Transpus din archiva. Beiuş 94 6/X [...]; p. 9 v: Bîrseanu (?) VIII 1893/4; anexa: Papp Teodor. Observaţii: ştampilă de formă dreptunghiulară cu textul: Biblioteca „Astrei” (Asociaţiunea pentru lit. rom. şi cultura poporului român). Centrala Sibiu pe foaia de gardă de la începutul cărţii, foaia de titlu; ştampilă ovală cu textul: Biblioteca Asociat. Tranne. P. Cult. Şi Lit. Pop. Rom. pe foaia de titlu; este colligat cu tipăritura Gh. Şincai, Elementa linguae daco - romanae, Buda, 1805. (673 BRV)</subfield>
    </datafield>
    <datafield tag="650" ind1=" " ind2=" ">
      <subfield code="a">carte românească veche</subfield>
    </datafield>
    <datafield tag="650" ind1=" " ind2=" ">
      <subfield code="a">genuri literare</subfield>
    </datafield>
    <datafield tag="650" ind1=" " ind2=" ">
      <subfield code="a">epistole</subfield>
    </datafield>
    <datafield tag="650" ind1=" " ind2=" ">
      <subfield code="a">literatură</subfield>
    </datafield>
    <datafield tag="856" ind1=" " ind2=" ">
      <subfield code="u">http://www.dspace.bjastrasibiu.ro/bitstream/123456789/10579/1/BJA_CS_000100_BRV_0001-0022.pdf</subfield>
    </datafield>
    <datafield tag="995" ind1=" " ind2=" ">
      <subfield code="a">Colecţii Speciale - BRV</subfield>
      <subfield code="D">0.01</subfield>
      <subfield code="e">BRV100</subfield>
      <subfield code="F">Sediul_Central_A</subfield>
      <subfield code="j">673 BRV</subfield>
      <subfield code="U">Available</subfield>
      <subfield code="W">Oct 27, 2019</subfield>
      <subfield code="y">BRV100</subfield>
      <subfield code="Z">Împrumut la Sala</subfield>
    </datafield>
  </record>