
  <record>
    <leader>00000nam a2200000 a 4500</leader>
    <controlfield tag="001">BJSB444453</controlfield>
    <controlfield tag="008">191027s1803####|||||||||||||||||#||####u</controlfield>
    <datafield tag="050" ind1=" " ind2=" ">
      <subfield code="a">094.1(498); 243; 281.95:37.014.523</subfield>
    </datafield>
    <datafield tag="245" ind1="0" ind2="0">
      <subfield code="a">Bucoavnă pentru învăţătura pruncilor. Ce cuprinde întru sine rânduiala vecernii şi a utrenii şi a sfintelor liturghii, cu priceasnele de preste săptămână. Și la praznice înpărăteşti, greceşte şi româneşte. Și cele zece porunci ale lui Dumnezeu şi alte învăţături creştineşti</subfield>
      <subfield code="h">[Carte tipărită]</subfield>
    </datafield>
    <datafield tag="260" ind1=" " ind2=" ">
      <subfield code="a">Sibiu</subfield>
      <subfield code="b">Tipografia Ioan Bart</subfield>
      <subfield code="c">1803</subfield>
    </datafield>
    <datafield tag="300" ind1=" " ind2=" ">
      <subfield code="a">64 p.</subfield>
    </datafield>
    <datafield tag="500" ind1=" " ind2=" ">
      <subfield code="a">Legătura: carton recent; cotorul parţial deteriorat Însemnări: coperta 2: Foaia aceasta este din scrisoarea tipărită ca Preafaţă la Acatistul din Sibiu, 1802. 5 II 944. Prof. O. Ghibu; p. 64: În casea csei [...] În neagra vecinicie Stea dulce şi iubita A sufletului mieu; coperta 3: Această cărticică adică bucvar eşte a lui Ioanii (?) Popovici din Maidan şi au cumpărato [...] 30 apr.(?)în anul 804; bilet anexat de pagina 5 cu textul: Dar dela Sofronie Liuba învăţătoriu în Maidan. Observaţii: pe coperţile 2 şi 3 este lipit un fragment din prefaţa la Acatistul de la Sibiu, 1802; ştampilă de formă dreptunghiulară cu textul: Biblioteca „Astrei” (Asociaţiunea pentru lit. rom. şi cultura poporului român). Centrala Sibiu Nr. 11346 pe foaia de titlu; exemplarul este amintit de Daniela Poenaru fără a fi prezentată descrierea cărţii. (283 IV BRV)</subfield>
    </datafield>
    <datafield tag="650" ind1=" " ind2=" ">
      <subfield code="a">învăţământ religios în şcoli</subfield>
    </datafield>
    <datafield tag="650" ind1=" " ind2=" ">
      <subfield code="a">învăţământ religios</subfield>
    </datafield>
    <datafield tag="650" ind1=" " ind2=" ">
      <subfield code="a">rugaciuni</subfield>
    </datafield>
    <datafield tag="650" ind1=" " ind2=" ">
      <subfield code="a">carte religioasă</subfield>
    </datafield>
    <datafield tag="650" ind1=" " ind2=" ">
      <subfield code="a">carte românească veche</subfield>
    </datafield>
    <datafield tag="856" ind1=" " ind2=" ">
      <subfield code="u">http://www.dspace.bjastrasibiu.ro/bitstream/123456789/10578/1/BJA_CS_000097_BRV_0001-0068.pdf</subfield>
    </datafield>
    <datafield tag="995" ind1=" " ind2=" ">
      <subfield code="a">Colecţii Speciale - BRV</subfield>
      <subfield code="D">0.01</subfield>
      <subfield code="e">BRV097</subfield>
      <subfield code="F">Sediul_Central_A</subfield>
      <subfield code="j">283 IV BRV</subfield>
      <subfield code="U">Available</subfield>
      <subfield code="W">Oct 27, 2019</subfield>
      <subfield code="y">BRV097</subfield>
      <subfield code="Z">Împrumut la Sala</subfield>
    </datafield>
  </record>