
  <record>
    <leader>00000nam a2200000 a 4500</leader>
    <controlfield tag="001">BJSB444451</controlfield>
    <controlfield tag="008">191027s1803####|||||||||||||||||#||####u</controlfield>
    <datafield tag="050" ind1=" " ind2=" ">
      <subfield code="a">094.1(498); 239.2</subfield>
    </datafield>
    <datafield tag="245" ind1="0" ind2="0">
      <subfield code="a">Înfruntarea jidovilor asupra legii şi a obiceiurilor lor. Cu dovediri din sfînta, şi dumnezeiasca scriptură. Atât din cea veche, cât şi din cea noao. Acum întâiu, întru acestaşi chip tipărită. În zilele pre luminatului, şi pre înnălţatului domnului nostru. Alexandru Constandin Moruz vvd. întru a doao domnie a măriei sale în Moldavia. Cu blagoslovenia, şi cu toată cheltuiala preosfinţiei sale chiriu chir, Iacov, Mitropolit a toată Moldavia. În Iaşi la anii dela hs 1803: februarie, 8. </subfield>
      <subfield code="c">Editor Iacov Mitropolitul Moldovei; tipografi Macarie ieromonah, Gherasim ierodiacon</subfield>
      <subfield code="h">[Carte tipărită]</subfield>
    </datafield>
    <datafield tag="250" ind1=" " ind2=" ">
      <subfield code="a">Ed. 1</subfield>
    </datafield>
    <datafield tag="260" ind1=" " ind2=" ">
      <subfield code="a">Iași</subfield>
      <subfield code="b">Tipografia Sfinetei Mitropolii</subfield>
      <subfield code="c">1803</subfield>
    </datafield>
    <datafield tag="300" ind1=" " ind2=" ">
      <subfield code="a">280 p.</subfield>
    </datafield>
    <datafield tag="500" ind1=" " ind2=" ">
      <subfield code="a">Text în limba română cu caractere chirilice Greşeli de paginaţie: p. 82 e numerotată 86; p. 83 e numerotată 87; p. 86 e numerotată 76; p. 146 e numerotată 141; p. 147 e numerotată 143; p. 172 e numerotată 176. Legătura: carton recent deteriorat; lipsa cotorului cărţii. Observaţii: face parte, se pare, din primul tiraj al cărţii - paginat; exemplar incomplet; predoslovia (inexistentă în tirajul anterior) se întinde pe patru pagini numerotate (Bibliografia Românească Veche menţionează doar o filă); în cel de-al doilea tiraj, predoslovia este înlocuită cu Înainte cuvântare: lipsesc paginile 5-8, 281-290; comparând cele două tiraje remarcăm diferenţe în ceea ce priveşte textul şi elementele grafice ale foii de titlu; p. 280: ştampilă: [Anticariat]. Lei 375. (662 BRV)</subfield>
    </datafield>
    <datafield tag="650" ind1=" " ind2=" ">
      <subfield code="a">carte românească veche</subfield>
    </datafield>
    <datafield tag="650" ind1=" " ind2=" ">
      <subfield code="a">teologie</subfield>
    </datafield>
    <datafield tag="650" ind1=" " ind2=" ">
      <subfield code="a">teologie polemică</subfield>
    </datafield>
    <datafield tag="650" ind1=" " ind2=" ">
      <subfield code="a">apărarea credinței</subfield>
    </datafield>
    <datafield tag="856" ind1=" " ind2=" ">
      <subfield code="u">http://www.dspace.bjastrasibiu.ro/bitstream/123456789/10655/1/BJA_CS_000354_BRV_0001-0256.pdf</subfield>
    </datafield>
    <datafield tag="995" ind1=" " ind2=" ">
      <subfield code="a">Colecţii Speciale - BRV</subfield>
      <subfield code="D">0.01</subfield>
      <subfield code="e">BRV354</subfield>
      <subfield code="F">Sediul_Central_A</subfield>
      <subfield code="j">662 BRV</subfield>
      <subfield code="U">Available</subfield>
      <subfield code="W">Oct 27, 2019</subfield>
      <subfield code="y">BRV354</subfield>
      <subfield code="Z">Împrumut la Sala</subfield>
    </datafield>
  </record>