
  <record>
    <leader>00000nam a2200000 a 4500</leader>
    <controlfield tag="001">BJSB444450</controlfield>
    <controlfield tag="008">191027s1803####|||||||||||||||||#||####u</controlfield>
    <datafield tag="050" ind1=" " ind2=" ">
      <subfield code="a">094.1(498); 239.2</subfield>
    </datafield>
    <datafield tag="245" ind1="0" ind2="0">
      <subfield code="a">Înfruntarea jidovilor asupra legii, şi a obiceiurilor lor. Cu dovediri din Sfînta şi Dumnezeiasca Scriptură. din cea veche, şi din cea noao. Acum întâiu, întru acestaşi chip tipărită. În zilele Pre Luminatului, şi Prea Învăţatului Domnului nostru. Alexandru Constantin Muruz vvd. Cu blagoslovenia, şi cu toată chieltuiala Prea sfinţiei sale chiriu chir, Iacov, Mitropolit a toată Moldavia. În Tipografia Sfintei Mitropolii în Iaşi la anii dela Hs 1803: februarie, în 8. </subfield>
      <subfield code="c">Editor Iacov, Mitropolitul Moldovei; tipografi Macarie ieromonah, Gherasim ierodiacon</subfield>
      <subfield code="h">[Carte tipărită]</subfield>
    </datafield>
    <datafield tag="250" ind1=" " ind2=" ">
      <subfield code="a">Ed. I</subfield>
    </datafield>
    <datafield tag="260" ind1=" " ind2=" ">
      <subfield code="a">Iași</subfield>
      <subfield code="c">1803</subfield>
    </datafield>
    <datafield tag="300" ind1=" " ind2=" ">
      <subfield code="a">[4] f., 121 f. </subfield>
    </datafield>
    <datafield tag="500" ind1=" " ind2=" ">
      <subfield code="a">Greşeli de paginaţie: fila 35 e numerotată 25; fila 67 e numerotată 68; fila 88 e numerotată 89. Legătura: carton recent marmorat; cotorul învelit în piele. Însemnări: fila 4 nenumerotată: „iaste cumpărată de mine Iosif duhovnic Cernica 1820 dec. 10”. Observaţii: pe mai multe file picături de ceară; coperta 3 ştampilă cu textul: Anticariat Bacău, Lei 200; face parte din tirajul al doilea foliat. (662 BRV)</subfield>
    </datafield>
    <datafield tag="650" ind1=" " ind2=" ">
      <subfield code="a">apărarea credinței</subfield>
    </datafield>
    <datafield tag="650" ind1=" " ind2=" ">
      <subfield code="a">teologie polemică</subfield>
    </datafield>
    <datafield tag="650" ind1=" " ind2=" ">
      <subfield code="a">teologie</subfield>
    </datafield>
    <datafield tag="650" ind1=" " ind2=" ">
      <subfield code="a">carte românească veche</subfield>
    </datafield>
    <datafield tag="856" ind1=" " ind2=" ">
      <subfield code="u">http://www.dspace.bjastrasibiu.ro/bitstream/123456789/10650/1/BJA_CS_000384_BRV_0001-0278.pdf</subfield>
    </datafield>
    <datafield tag="995" ind1=" " ind2=" ">
      <subfield code="a">Colecţii Speciale - BRV</subfield>
      <subfield code="D">0.01</subfield>
      <subfield code="e">BRV384</subfield>
      <subfield code="F">Sediul_Central_A</subfield>
      <subfield code="j">662 BRV</subfield>
      <subfield code="U">Available</subfield>
      <subfield code="W">Oct 27, 2019</subfield>
      <subfield code="y">BRV384</subfield>
      <subfield code="Z">Împrumut la Sala</subfield>
    </datafield>
  </record>