
  <record>
    <leader>00000nam a2200000 a 4500</leader>
    <controlfield tag="001">BJSB444448</controlfield>
    <controlfield tag="008">191027s1803####|||||||||||||||||#||####u</controlfield>
    <datafield tag="050" ind1=" " ind2=" ">
      <subfield code="a">094.1(498); 241.1</subfield>
    </datafield>
    <datafield tag="245" ind1="0" ind2="0">
      <subfield code="a">Întru slava sfintei cei de o fiinţă, şi nedespărţitei Troiţe, Tatălui, şi Fiului, şi Sfintului Duh Alfavita sufletească, care sau tipărit în zilele Prea Înălţatului Înpărat al romanilor, Francisc al doilea fiind guvernator Țării Ardealului Exelenţia sa D. D. Grof. Gheorghie Banfii. Cu blagoslovenia cinstitului conzistoriumului al neuniţilor. Fiind vicariş clerului. Ioan Popovici de Hondol.</subfield>
      <subfield code="c">Editor Ioan Popovici de Hondol</subfield>
      <subfield code="h">[Carte tipărită]</subfield>
    </datafield>
    <datafield tag="260" ind1=" " ind2=" ">
      <subfield code="a">Sibiu</subfield>
      <subfield code="c">1803</subfield>
    </datafield>
    <datafield tag="300" ind1=" " ind2=" ">
      <subfield code="a">[8] f., 267 p.</subfield>
    </datafield>
    <datafield tag="500" ind1=" " ind2=" ">
      <subfield code="a">Text în limba română cu caractere chirilice Legătura: coperţi din lemn învelite în piele; se mai păstrează urmele a două cheotori. Însemnări: coperta 2: Donată de învăţătorul pensionat din Almaş Selişte anume Nicolae Sorinca la anul 1905 pe sama bibliotecei archiepiscopeşti gr. or. rom. din Sibiiu cu ocasiunea inaugurării muzeului naţional istorie. Valorea ei este 4 corone. Almaş Selişte la 20 Iuliu 1905. Nicolau Sorinca înv. pens.; de coperta 2 este legată o fişă de donaţie cu următorul text: Expoziţia Asociaţiunii. Nr. 1069. (Desp. 9-a) Secţiunea. Denumirea şi originea obiectului. Alfavita sufletească. Proprietarul Nicolae Chirciu, preot Almaş - Selişte se donează; foaia de titlu: Sorinca Nicolae Almaş Selişte; p. 167: Sorincha Niculaie; p. 232: Am cetit şi eu întru; p. 233: ciesta carte Muntian [...] Almaş Selişte 1895; p. 267: Am scris spre aducere aminte că am cetitu şi eu Bireu Iosif; Am cetit şi eu întru această carte. Paisan Parthenie paroh în [...]; p. 267: Poruncă noao dau voao casă vă [...] pre altul zice Sfânta Scriptură 1841; [...] şi dau [...] altu preoţi zice Sfânta Scriptură 827; p. 267 şi coperta 3: încercări de condei. (656 BRV)</subfield>
    </datafield>
    <datafield tag="650" ind1=" " ind2=" ">
      <subfield code="a">carte românească veche</subfield>
    </datafield>
    <datafield tag="650" ind1=" " ind2=" ">
      <subfield code="a">teologie morală</subfield>
    </datafield>
    <datafield tag="650" ind1=" " ind2=" ">
      <subfield code="a">teologie</subfield>
    </datafield>
    <datafield tag="650" ind1=" " ind2=" ">
      <subfield code="a">creștinism</subfield>
    </datafield>
    <datafield tag="650" ind1=" " ind2=" ">
      <subfield code="a">teologie creştină</subfield>
    </datafield>
    <datafield tag="856" ind1=" " ind2=" ">
      <subfield code="u">http://www.dspace.bjastrasibiu.ro/bitstream/123456789/10573/1/BJA_CS_000094_BRV_0001-0288.pdf</subfield>
    </datafield>
    <datafield tag="995" ind1=" " ind2=" ">
      <subfield code="a">Colecţii Speciale - BRV</subfield>
      <subfield code="D">0.01</subfield>
      <subfield code="e">BRV094</subfield>
      <subfield code="F">Sediul_Central_A</subfield>
      <subfield code="j">656 BRV</subfield>
      <subfield code="U">Available</subfield>
      <subfield code="W">Oct 27, 2019</subfield>
      <subfield code="y">BRV094</subfield>
      <subfield code="Z">Împrumut la Sala</subfield>
    </datafield>
  </record>