
  <record>
    <leader>00000nam a2200000 a 4500</leader>
    <controlfield tag="001">BJSB444447</controlfield>
    <controlfield tag="008">191027s1830####|||||||||||||||||#||####u</controlfield>
    <datafield tag="050" ind1=" " ind2=" ">
      <subfield code="a">094.1(498); 572.5; 612</subfield>
    </datafield>
    <datafield tag="100" ind1=" " ind2=" ">
      <subfield code="a">Vasici-Ungurian, Pavel</subfield>
    </datafield>
    <datafield tag="245" ind1="1" ind2="0">
      <subfield code="a">Antropologhia sau scurtă cunoştinţă despre om şi despre însuşirile sale întocmită şi întru acest rând adusă de Pavel Vasici - Ungurian al mediţinei auzitoriu anthropologie</subfield>
      <subfield code="c">Pavel Vasici-Ungurian</subfield>
      <subfield code="h">[Carte tipărită]</subfield>
    </datafield>
    <datafield tag="250" ind1=" " ind2=" ">
      <subfield code="a">Ed. I</subfield>
    </datafield>
    <datafield tag="260" ind1=" " ind2=" ">
      <subfield code="a">Buda</subfield>
      <subfield code="b">Crăiasca Tipografie a Universității Ungurești</subfield>
      <subfield code="c">1830</subfield>
    </datafield>
    <datafield tag="300" ind1=" " ind2=" ">
      <subfield code="a">XVI p., 285 p., [1] p., [13] f.</subfield>
    </datafield>
    <datafield tag="500" ind1=" " ind2=" ">
      <subfield code="a">Text in limba română cu caractere chirilice Greşeli de paginaţie: p. 62 e numerotată 52; p. 213 e numerotată 113; p. 264 e numerotată 364. Legătura: din carton recent; cotor şi colţurile învelite în piele maronie; pe cotor apare titlul cărţii. Însemnări: foaia de gardă v de la început: No 17 Această carte a iscălitului [...]; o altă însemnare ştearsă; p. 115: şod =  deşenţat; p. 125: oglindă; p. 132: vine vine; p. 180: titirez; p. 206: nu e adevărat; p. 277: Ecaterina Deliu; p. 281: Ecaterina Creangă; p. 285 v: un ins. doi inşi-(el) (sine); fila de gardă v: moaşte. cleşte. (1503 BRV)</subfield>
    </datafield>
    <datafield tag="650" ind1=" " ind2=" ">
      <subfield code="a">carte românească veche</subfield>
    </datafield>
    <datafield tag="650" ind1=" " ind2=" ">
      <subfield code="a">Antropologie</subfield>
    </datafield>
    <datafield tag="650" ind1=" " ind2=" ">
      <subfield code="a">antropologie culturala</subfield>
    </datafield>
    <datafield tag="650" ind1=" " ind2=" ">
      <subfield code="a">somatologie</subfield>
    </datafield>
    <datafield tag="650" ind1=" " ind2=" ">
      <subfield code="a">fiziologie</subfield>
    </datafield>
    <datafield tag="650" ind1=" " ind2=" ">
      <subfield code="a">fiziologie umană</subfield>
    </datafield>
    <datafield tag="856" ind1=" " ind2=" ">
      <subfield code="u">http://www.dspace.bjastrasibiu.ro/bitstream/123456789/9502/1/BJA_CS_000234_CRV_0001-0328.pdf</subfield>
    </datafield>
    <datafield tag="995" ind1=" " ind2=" ">
      <subfield code="a">Colecţii Speciale - BRV</subfield>
      <subfield code="D">0.01</subfield>
      <subfield code="e">BRV234</subfield>
      <subfield code="F">Sediul_Central_A</subfield>
      <subfield code="j">1503 BRV</subfield>
      <subfield code="U">Available</subfield>
      <subfield code="W">Oct 27, 2019</subfield>
      <subfield code="y">BRV234</subfield>
      <subfield code="Z">Împrumut la Sala</subfield>
    </datafield>
  </record>