
  <record>
    <leader>00000nam a2200000 a 4500</leader>
    <controlfield tag="001">BJSB444446</controlfield>
    <controlfield tag="008">191027s1830####|||||||||||||||||#||####u</controlfield>
    <datafield tag="050" ind1=" " ind2=" ">
      <subfield code="a">094.1(498); 94(498.4); 35.07</subfield>
    </datafield>
    <datafield tag="100" ind1=" " ind2=" ">
      <subfield code="a">Vajda de Sóósmezõö, Ladislau</subfield>
    </datafield>
    <datafield tag="245" ind1="1" ind2="0">
      <subfield code="a">Synopsis historiae juris Transsilvanici in usum auditorum suorum per Ladislaum Vajda / de Sóósmezõö concipistam gubernialem, juris patrii et criminalis, in Lyceo Regio Claudiopolitano suplentem professorem concinnata. anno 1826.</subfield>
      <subfield code="c">Ladislau Vajda de Sóósmezõö</subfield>
      <subfield code="h">[Carte tipărită]</subfield>
    </datafield>
    <datafield tag="250" ind1=" " ind2=" ">
      <subfield code="a">Ed. I</subfield>
    </datafield>
    <datafield tag="260" ind1=" " ind2=" ">
      <subfield code="a">Cluj</subfield>
      <subfield code="b">Typis Lycei Regii</subfield>
      <subfield code="c">1830</subfield>
    </datafield>
    <datafield tag="300" ind1=" " ind2=" ">
      <subfield code="a">[8] f., 330 p., [2] f.</subfield>
    </datafield>
    <datafield tag="500" ind1=" " ind2=" ">
      <subfield code="a">Greşeli de paginaţie: p. 97 e numerotată 79; p. 125 e numerotată 225; p. 192 e numerotată 162; p. 269 e numerotată 26. Legătura: din carton recent de culoare albastră. Observaţii: pe foaia de titlu ştampilă de formă dreptunghiulară cu textul: Biblioteca „Astrei” (Asociaţiunea pentru lit. rom. şi cultura poporului român). Centrala Sibiu Nr.; ştampilă ovală cu textul: Biblioteca Centrală a „Asociaţiunii” Sibiiu, pe p. 9, 19, 43, 55, 61, 93, 121, 139, 161, 223. (1500 BRV)</subfield>
    </datafield>
    <datafield tag="650" ind1=" " ind2=" ">
      <subfield code="a">istoria Transilvaniei</subfield>
    </datafield>
    <datafield tag="650" ind1=" " ind2=" ">
      <subfield code="a">carte românească veche</subfield>
    </datafield>
    <datafield tag="650" ind1=" " ind2=" ">
      <subfield code="a">autorităţi publice</subfield>
    </datafield>
    <datafield tag="650" ind1=" " ind2=" ">
      <subfield code="a">organizare administrativă</subfield>
    </datafield>
    <datafield tag="856" ind1=" " ind2=" ">
      <subfield code="u">http://www.dspace.bjastrasibiu.ro/bitstream/123456789/9495/1/BJA_CS_000229_CRV_0001-0342.pdf</subfield>
    </datafield>
    <datafield tag="995" ind1=" " ind2=" ">
      <subfield code="a">Colecţii Speciale - BRV</subfield>
      <subfield code="D">0.01</subfield>
      <subfield code="e">BRV229</subfield>
      <subfield code="F">Sediul_Central_A</subfield>
      <subfield code="j">1500 BRV</subfield>
      <subfield code="U">Available</subfield>
      <subfield code="W">Oct 27, 2019</subfield>
      <subfield code="y">BRV229</subfield>
      <subfield code="Z">Împrumut la Sala</subfield>
    </datafield>
  </record>