
  <record>
    <leader>00000nam a2200000 a 4500</leader>
    <controlfield tag="001">BJSB444445</controlfield>
    <controlfield tag="008">191027s1830####|||||||||||||||||#||####u</controlfield>
    <datafield tag="050" ind1=" " ind2=" ">
      <subfield code="a">094.1(498); 821.133.1-97=135.1</subfield>
    </datafield>
    <datafield tag="100" ind1=" " ind2=" ">
      <subfield code="a">Șimani, Leopold</subfield>
    </datafield>
    <datafield tag="245" ind1="1" ind2="0">
      <subfield code="a">Pruncii cei năpăstuiţi, ajutoriului lui Dumnezeu şi purtării de grijă a unei bătrâne şi credincioasă crescătoare încredinţati. Istorie franţozască adevărată şi morală, după forma legii cei creştineşti spre îndreptarea tinerimei întocmită de Leopold Șimani, şi acum în limba romanească aşăzată de Ioan Teodorovici la beserica greco - romanească din Pesta actual paroh consistorialnic assessor, şi a cărţilor romaneşti int: crăesc cenzor şi corector.</subfield>
      <subfield code="c">Leopold Șimani; trad. Ioan Teodorovici</subfield>
      <subfield code="h">[Carte tipărită]</subfield>
    </datafield>
    <datafield tag="250" ind1=" " ind2=" ">
      <subfield code="a">Ed. 1</subfield>
    </datafield>
    <datafield tag="260" ind1=" " ind2=" ">
      <subfield code="a">Buda</subfield>
      <subfield code="b">Crăiasca Tipografie a Universității Ungurești</subfield>
      <subfield code="c">1830</subfield>
    </datafield>
    <datafield tag="300" ind1=" " ind2=" ">
      <subfield code="a">155 p. ; il.</subfield>
    </datafield>
    <datafield tag="500" ind1=" " ind2=" ">
      <subfield code="a">Legătura: coperţi din carton recent marmorat; cotorul parţial deteriorat. Însemnări: gravura de la începutul cărţii: Teodor Popovici (caractere latine); Teodor Popovici (caractere chirilice); Theodor Popovits Kapelan (caractere latine); foaia de gardă de la sfârşitul cărţii: Teodor Popovici, capelanul Jitineanul (?) Am citit istoria aceasta a primilor părăsiţi [...] în 13 mai 1851. Şi e vrednică de laudă. Teodor Popovici preot. Teodor Popovici; foaia de gardă de la sfârşitul cărţii: Popovici Teodor am cetit istoria aceasta şi e vrednic de laudă ce e întrânsa. În [...] în 6 maiu 851 după Căl[indarul] vechi; Am cetit în 1847; coperta 3: socoteli, încercări de condei. Observaţii: ştampilă de  formă dreptunghiulară cu textul: Biblioteca „Astrei” (Asociaţiunea pentru lit. rom. şi cultura poporului român). Centrala Sibiu. Nr. 33767 pe gravura de la începutul cărţii; ştampilă ovală cu textul: Biblioteca Centrală a „Asociaţiunii” Sibiiu pe gravura de la începutul cărţii, p. 101, 155; ştampilă ovală cu textul Athanasie [...] pe foaia de titlu; ştampilă ovală cu titlul Dr. Gheorghe [...] Advocat Oraviţa montană pe foaia de titlu, p. 143. (1499 BRV)</subfield>
    </datafield>
    <datafield tag="650" ind1=" " ind2=" ">
      <subfield code="a">carte românească veche</subfield>
    </datafield>
    <datafield tag="650" ind1=" " ind2=" ">
      <subfield code="a">literatură</subfield>
    </datafield>
    <datafield tag="650" ind1=" " ind2=" ">
      <subfield code="a">literatură religioasă</subfield>
    </datafield>
    <datafield tag="856" ind1=" " ind2=" ">
      <subfield code="u">http://www.dspace.bjastrasibiu.ro/bitstream/123456789/9491/1/BJA_CS_000228_CRV_0001-0162.pdf</subfield>
    </datafield>
    <datafield tag="995" ind1=" " ind2=" ">
      <subfield code="a">Colecţii Speciale - BRV</subfield>
      <subfield code="D">0.01</subfield>
      <subfield code="e">BRV228</subfield>
      <subfield code="F">Sediul_Central_A</subfield>
      <subfield code="j">1499 BRV</subfield>
      <subfield code="U">Available</subfield>
      <subfield code="W">Oct 27, 2019</subfield>
      <subfield code="y">BRV228</subfield>
      <subfield code="Z">Împrumut la Sala</subfield>
    </datafield>
  </record>