
  <record>
    <leader>00000nam a2200000 a 4500</leader>
    <controlfield tag="001">BJSB444444</controlfield>
    <controlfield tag="008">191027s1830####|||||||||||||||||#||####u</controlfield>
    <datafield tag="050" ind1=" " ind2=" ">
      <subfield code="a">094.1(498); 94(498.4); 355.486</subfield>
    </datafield>
    <datafield tag="100" ind1=" " ind2=" ">
      <subfield code="a">Tannoli, Silvius Comes</subfield>
    </datafield>
    <datafield tag="245" ind1="1" ind2="0">
      <subfield code="a">Poëmation de secunda legione valachica sub Carolo Barone Enzebergio</subfield>
      <subfield code="c">Silvius Comes Tannoli</subfield>
      <subfield code="h">[Carte tipărită]</subfield>
    </datafield>
    <datafield tag="250" ind1=" " ind2=" ">
      <subfield code="a">Ed. I</subfield>
    </datafield>
    <datafield tag="260" ind1=" " ind2=" ">
      <subfield code="a">Oradea</subfield>
      <subfield code="b">Officina Typographica Joannis Tichy</subfield>
      <subfield code="c">1830</subfield>
    </datafield>
    <datafield tag="300" ind1=" " ind2=" ">
      <subfield code="a">120 p.</subfield>
    </datafield>
    <datafield tag="500" ind1=" " ind2=" ">
      <subfield code="a">Legătura: din carton recent marmorat; cotorul şi colţurile învelite în piele maronie. Însemnări: foaia de gardă de la început: Ex Libris Joannis Aldi[...] 30 [...] 1831. Observaţii:  pe foaia de titlu, ştampilă de formă dreptunghiulară cu textul: Biblioteca „Astrei” (Asociaţiunea pentru lit. rom. şi cultura poporului român). Centrala Sibiu. Nr. 15283; ştampilă ovală cu textul: Biblioteca Centrală a „Asociaţiunii” Sibiiu pe foaia de titlu, p. 101, 120. (1496 BRV)</subfield>
    </datafield>
    <datafield tag="650" ind1=" " ind2=" ">
      <subfield code="a">istoria Transilvaniei</subfield>
    </datafield>
    <datafield tag="650" ind1=" " ind2=" ">
      <subfield code="a">istoria regimentelor militare</subfield>
    </datafield>
    <datafield tag="650" ind1=" " ind2=" ">
      <subfield code="a">carte românească veche</subfield>
    </datafield>
    <datafield tag="856" ind1=" " ind2=" ">
      <subfield code="u">http://www.dspace.bjastrasibiu.ro/bitstream/123456789/9486/1/BJA_CS_000226_CRV_0001-0124.pdf</subfield>
    </datafield>
    <datafield tag="995" ind1=" " ind2=" ">
      <subfield code="a">Colecţii Speciale - BRV</subfield>
      <subfield code="D">0.01</subfield>
      <subfield code="e">BRV226</subfield>
      <subfield code="F">Sediul_Central_A</subfield>
      <subfield code="j">1496 BRV</subfield>
      <subfield code="U">Available</subfield>
      <subfield code="W">Oct 27, 2019</subfield>
      <subfield code="y">BRV226</subfield>
      <subfield code="Z">Împrumut la Sala</subfield>
    </datafield>
  </record>