
  <record>
    <leader>00000nam a2200000 a 4500</leader>
    <controlfield tag="001">BJSB444443</controlfield>
    <controlfield tag="008">191027s1830####|||||||||||||||||#||####u</controlfield>
    <datafield tag="050" ind1=" " ind2=" ">
      <subfield code="a">094.1(498); 252.9; 347.67</subfield>
    </datafield>
    <datafield tag="100" ind1=" " ind2=" ">
      <subfield code="a">Pap, Teodor</subfield>
    </datafield>
    <datafield tag="245" ind1="1" ind2="0">
      <subfield code="a">Trista predică care la îngroparea Ecţelenţii sale Prea Luminatului şi Prea Măritului Domn Ioann Bobb de Kapolnak Monostor, al preînaltului stat din luntru crăiesc consiliar al strelucitului ord. înălţiatului imperator Leopold comendator in m. Prinţipat al Ardealului şi a părţilor înpreunate greco - catolic Episcop al Făgăraşului, întru vecinică pomenire a pre bunului episcop, şi părinte, din fiească dragoste în luna octombrie la 7 zile 1830 în s. mânăstire a Blajului sau cuvântat prin Teodor Pap de Ujfalu. </subfield>
      <subfield code="c">Teodor Pap de Uifalu</subfield>
      <subfield code="h">[Carte tipărită]</subfield>
    </datafield>
    <datafield tag="250" ind1=" " ind2=" ">
      <subfield code="a">Ed. I</subfield>
    </datafield>
    <datafield tag="260" ind1=" " ind2=" ">
      <subfield code="a">Sibiu</subfield>
      <subfield code="b">Tipografia Martin Hochmeister</subfield>
      <subfield code="c">1830</subfield>
    </datafield>
    <datafield tag="300" ind1=" " ind2=" ">
      <subfield code="a">[2] f., 20 p., 7 p.</subfield>
    </datafield>
    <datafield tag="500" ind1=" " ind2=" ">
      <subfield code="a">Text în limba română cu caractere chirilice Legătura: lipsă coperţi, folie de protecţie. Observaţii: editat la Sibiu în tipografia lui Martin Hochmeister. (1493 BRV)</subfield>
    </datafield>
    <datafield tag="650" ind1=" " ind2=" ">
      <subfield code="a">carte românească veche</subfield>
    </datafield>
    <datafield tag="650" ind1=" " ind2=" ">
      <subfield code="a">discursuri funebre</subfield>
    </datafield>
    <datafield tag="650" ind1=" " ind2=" ">
      <subfield code="a">testament</subfield>
    </datafield>
    <datafield tag="856" ind1=" " ind2=" ">
      <subfield code="u">http://www.dspace.bjastrasibiu.ro/bitstream/123456789/9490/1/BJA_CS_000225_CRV_0001-0032.pdf</subfield>
    </datafield>
    <datafield tag="995" ind1=" " ind2=" ">
      <subfield code="a">Colecţii Speciale - BRV</subfield>
      <subfield code="D">0.01</subfield>
      <subfield code="e">BRV225</subfield>
      <subfield code="F">Sediul_Central_A</subfield>
      <subfield code="j">1493 BRV</subfield>
      <subfield code="U">Available</subfield>
      <subfield code="W">Oct 27, 2019</subfield>
      <subfield code="y">BRV225</subfield>
      <subfield code="Z">Împrumut la Sala</subfield>
    </datafield>
  </record>