
  <record>
    <leader>00000nam a2200000 a 4500</leader>
    <controlfield tag="001">BJSB444442</controlfield>
    <controlfield tag="008">191027s1830####|||||||||||||||||#||####u</controlfield>
    <datafield tag="050" ind1=" " ind2=" ">
      <subfield code="a">094.1(498); 94(498.4); 81-112</subfield>
    </datafield>
    <datafield tag="100" ind1=" " ind2=" ">
      <subfield code="a">Murgu, Eftimie</subfield>
    </datafield>
    <datafield tag="245" ind1="1" ind2="0">
      <subfield code="a">Widerlegung der Abhandlung, welche unter dem titel vorkommt: Erweis, das die Wallachen nicht Römischer Abkunst sind, und dies nicht aus ihrer italienisch = slavischen Sprache solgt. Mit ehreren Gründen vermehrt, und in die walachische Sprache ubersest durch s. t. in Ofen 1827 und Beweis, dass die Wallachen der Römer unbezweiselte nach kömmlinge sind; wozn mehrere zwechmäsige Kurze Abhandlungen; endlich eine Anmerkung über die in dem anhange vorkommende Antikritik desfelben S.T. bengefugt werden.</subfield>
      <subfield code="c">E. Murgu</subfield>
      <subfield code="h">[Carte tipărită]</subfield>
    </datafield>
    <datafield tag="250" ind1=" " ind2=" ">
      <subfield code="a">Ed. I</subfield>
    </datafield>
    <datafield tag="260" ind1=" " ind2=" ">
      <subfield code="a">Buda</subfield>
      <subfield code="b">Königl Universitäts Schriften.</subfield>
      <subfield code="c">1830</subfield>
    </datafield>
    <datafield tag="300" ind1=" " ind2=" ">
      <subfield code="a">XX p., 156 p. ; il.</subfield>
    </datafield>
    <datafield tag="500" ind1=" " ind2=" ">
      <subfield code="a">Legătura: din carton recent; cotorul învelit în piele maronie; pe cotor apar autorul şi titlul cărţii cu litere aurite. Însemnări: pe fila de gardă de la sfârşitul cărţii o însemnare în limba latină care a fost tăiată parţial la compactare. Observaţii: anexe - două file cu partituri musicale: Romanische Tänze (Allegretto); Schäfer Arien (Pastorale Allegreto; Andante); Raitzisch (Poeten Arie) - (Allegreto, Presto, Allo, Presto); foaia de titlu: Ex libris Biblioteca S. Mangiuca; ştampilă ovală cu textul: Biblioteca Centrală a „Asociaţiunii” Sibiiu pe foaia de gardă, pagina de titlu, p. V, XV, 5, 13, 33, 39, 47, 53, 77, 91, 109, 111, 149; pe foaia de titlu ştampilă de formă dreptunghiulară cu textul: Biblioteca „Astrei” (Asociaţiunea pentru lit. rom. şi cultura poporului român). Centrala Sibiu. Nr.; ştampilă ovală cu textul: Biblioteca Asociat. Tranne Rom. P. Cult. Şi Lit. Pop. Rom. pe fila de titlu. (1490 BRV)</subfield>
    </datafield>
    <datafield tag="650" ind1=" " ind2=" ">
      <subfield code="a">linvistică istorică</subfield>
    </datafield>
    <datafield tag="650" ind1=" " ind2=" ">
      <subfield code="a">istoria Transilvaniei</subfield>
    </datafield>
    <datafield tag="650" ind1=" " ind2=" ">
      <subfield code="a">linvistică</subfield>
    </datafield>
    <datafield tag="650" ind1=" " ind2=" ">
      <subfield code="a">carte românească veche</subfield>
    </datafield>
    <datafield tag="856" ind1=" " ind2=" ">
      <subfield code="u">http://www.dspace.bjastrasibiu.ro/bitstream/123456789/9508/1/BJA_CS_000224_CRV_0001-0186.pdf</subfield>
    </datafield>
    <datafield tag="995" ind1=" " ind2=" ">
      <subfield code="a">Colecţii Speciale - BRV</subfield>
      <subfield code="D">0.01</subfield>
      <subfield code="e">BRV224</subfield>
      <subfield code="F">Sediul_Central_A</subfield>
      <subfield code="j">1490 BRV</subfield>
      <subfield code="U">Available</subfield>
      <subfield code="W">Oct 27, 2019</subfield>
      <subfield code="y">BRV224</subfield>
      <subfield code="Z">Împrumut la Sala</subfield>
    </datafield>
  </record>