
  <record>
    <leader>00000nam a2200000 a 4500</leader>
    <controlfield tag="001">BJSB444441</controlfield>
    <controlfield tag="008">191027s1830####|||||||||||||||||#||####u</controlfield>
    <datafield tag="050" ind1=" " ind2=" ">
      <subfield code="a">94(37); 94(4)''375/1492''</subfield>
    </datafield>
    <datafield tag="100" ind1=" " ind2=" ">
      <subfield code="a">Montesquieu</subfield>
    </datafield>
    <datafield tag="245" ind1="1" ind2="0">
      <subfield code="a">Mărimea romanilor sau băgare de samă asupra pricinilor înălţării şi căderii lor de Monteschiu, şi tradusă din franţozeşte de Stanciu Căpăţineanul, profesor şcoalelor naţionale din Craiova</subfield>
      <subfield code="c">Monteschiu; trad. Stanciu Căpățineanul</subfield>
      <subfield code="h">[Carte tipărită]</subfield>
    </datafield>
    <datafield tag="250" ind1=" " ind2=" ">
      <subfield code="a">Ed. 1</subfield>
    </datafield>
    <datafield tag="260" ind1=" " ind2=" ">
      <subfield code="a">Craiova</subfield>
      <subfield code="b">[S.n.]</subfield>
      <subfield code="c">1830</subfield>
    </datafield>
    <datafield tag="300" ind1=" " ind2=" ">
      <subfield code="a">241 p., [3] p.</subfield>
    </datafield>
    <datafield tag="500" ind1=" " ind2=" ">
      <subfield code="a">Text în limba română cu caractere chirilice. Legătura: din carton recent marmorat; la cotor pânză de culoare portocalie. Însemnări: foaia de titlu v o serie de socoteli, anul „1837” şi semnătura „N. Giuresnu” (?); o listă de socoteli pe ultima p. şi pe coperta 3. Observaţii: etichetă tipărită şi lipită pe coperta 2: „Împărţirea darurilor / la / eczamenul general al anului 1837 / în / Colegiul Sf. Sava din Bucureşti / Premiu al doilea / dat lui Nae Giurcu / şcolar în cl. II [...] / Pentru asa silinţă la învăţătură / Pecetea Eforii, [...]; în partea superioară semnătură manuscris [...] Alecsander; ştampilă de formă dreptunghiulară cu textul: Biblioteca „Astrei” (Asociaţiunea pentru lit. rom. şi cultura poporului român). Centrala Sibiu. Nr. II 7057, pe foaia de titlu, p. 5; ştampilă ovală cu textul: Biblioteca Centrală a „Asociaţiunii” Sibiiu pe p. 11, 83, 203. (1489 BRV)</subfield>
    </datafield>
    <datafield tag="650" ind1=" " ind2=" ">
      <subfield code="a">istorie</subfield>
    </datafield>
    <datafield tag="650" ind1=" " ind2=" ">
      <subfield code="a">evul mediu european</subfield>
    </datafield>
    <datafield tag="650" ind1=" " ind2=" ">
      <subfield code="a">istoria Imperiului Bizantin</subfield>
    </datafield>
    <datafield tag="650" ind1=" " ind2=" ">
      <subfield code="a">carte românească veche</subfield>
    </datafield>
    <datafield tag="650" ind1=" " ind2=" ">
      <subfield code="a">istoria Imperiului Roman</subfield>
    </datafield>
    <datafield tag="650" ind1=" " ind2=" ">
      <subfield code="a">istoria Romei antice</subfield>
    </datafield>
    <datafield tag="856" ind1=" " ind2=" ">
      <subfield code="u">http://www.dspace.bjastrasibiu.ro/bitstream/123456789/9509/1/BJA_CS_000223_CRV_0001-0244.pdf</subfield>
    </datafield>
    <datafield tag="995" ind1=" " ind2=" ">
      <subfield code="a">Colecţii Speciale - BRV</subfield>
      <subfield code="D">0.01</subfield>
      <subfield code="e">BRV223</subfield>
      <subfield code="F">Sediul_Central_A</subfield>
      <subfield code="j">1489 BRV</subfield>
      <subfield code="U">Available</subfield>
      <subfield code="W">Oct 27, 2019</subfield>
      <subfield code="y">BRV223</subfield>
      <subfield code="Z">Împrumut la Sala</subfield>
    </datafield>
  </record>