
  <record>
    <leader>00000nam a2200000 a 4500</leader>
    <controlfield tag="001">BJSB444440</controlfield>
    <controlfield tag="008">191027s1830####|||||||||||||||||#||####u</controlfield>
    <datafield tag="050" ind1=" " ind2=" ">
      <subfield code="a">094.1(498); 811.133.1'36</subfield>
    </datafield>
    <datafield tag="100" ind1=" " ind2=" ">
      <subfield code="a">Fournier, M.</subfield>
    </datafield>
    <datafield tag="245" ind1="1" ind2="0">
      <subfield code="a">Limba franţuzească şi ortografia ei arătată prin prinsipuri în 24 de legi au gramatică franţuzească prin ajutorul căria poate să îmveţe cinevaşi singur şi fără dascăl, a vorbi ş'a scri regulat. Împărţită în 24 de capete au legi, în care se coprind toate trebuincioasele regule pentru părţile cuvântului, termenul zicerilor, întrebuinţarea, neglasnicelor îndoite, ş'a partiţipiilor, despre care nici un gramatic n'avorbit îndestul până acum. </subfield>
      <subfield code="c">M. Furnier; trad. George Pleșoianul</subfield>
      <subfield code="h">[Carte tipărită]</subfield>
    </datafield>
    <datafield tag="250" ind1=" " ind2=" ">
      <subfield code="a">Ed. I</subfield>
    </datafield>
    <datafield tag="260" ind1=" " ind2=" ">
      <subfield code="a">Craiova</subfield>
      <subfield code="b">[S.n.]</subfield>
      <subfield code="c">1830</subfield>
    </datafield>
    <datafield tag="300" ind1=" " ind2=" ">
      <subfield code="a">[3] f., 163 p., [4] p.</subfield>
    </datafield>
    <datafield tag="500" ind1=" " ind2=" ">
      <subfield code="a">Legătura: din carton recent marmorat; la cotor şi în colţuri pânză de culoare neagră. Însemnări: fila 1: Gramatica franceză. Observaţii: pe prima filă ştampilă de formă dreptunghiulară cu textul: Biblioteca „Astrei” (Asociaţiunea pentru lit. rom. şi cultura poporului român). Centrala Sibiu. Nr.; ştampilă ovală cu textul: Biblioteca Centrală a „Asociaţiunii” Sibiiu, p. 17, 33, 53, 75, 93, 125, 139, fila de gardă de la sfârşitul cărţii. (1482 BRV)</subfield>
    </datafield>
    <datafield tag="650" ind1=" " ind2=" ">
      <subfield code="a">gramatică franceză</subfield>
    </datafield>
    <datafield tag="650" ind1=" " ind2=" ">
      <subfield code="a">lingvistică</subfield>
    </datafield>
    <datafield tag="650" ind1=" " ind2=" ">
      <subfield code="a">carte românească veche</subfield>
    </datafield>
    <datafield tag="856" ind1=" " ind2=" ">
      <subfield code="u">http://www.dspace.bjastrasibiu.ro/bitstream/123456789/9496/1/BJA_CS_000221_CRV_0001-168.pdf</subfield>
    </datafield>
    <datafield tag="995" ind1=" " ind2=" ">
      <subfield code="a">Colecţii Speciale - BRV</subfield>
      <subfield code="D">0.01</subfield>
      <subfield code="e">BRV221</subfield>
      <subfield code="F">Sediul_Central_A</subfield>
      <subfield code="j">1482 BRV</subfield>
      <subfield code="U">Available</subfield>
      <subfield code="W">Oct 27, 2019</subfield>
      <subfield code="y">BRV221</subfield>
      <subfield code="Z">Împrumut la Sala</subfield>
    </datafield>
  </record>