
  <record>
    <leader>00000nam a2200000 a 4500</leader>
    <controlfield tag="001">BJSB444438</controlfield>
    <controlfield tag="008">191027s1830####|||||||||||||||||#||####u</controlfield>
    <datafield tag="050" ind1=" " ind2=" ">
      <subfield code="a">094.1(498); 292.11; 291.13; 398.3</subfield>
    </datafield>
    <datafield tag="100" ind1=" " ind2=" ">
      <subfield code="a">Căpățineanul, Stanciu</subfield>
    </datafield>
    <datafield tag="245" ind1="1" ind2="0">
      <subfield code="a">Mitologie pe limba rumânească care arată toţi zeii şi zeiţele vechimii greceşti şi româneşti cu aligoriile lor deslegate în înţelesuri de învăţături fireşti şi moraliceşti, cu 63 de icoane de Stanciu Căpăţineanul, profesor şcoalelor naţionale din Craiova</subfield>
      <subfield code="c">Stanciu Căpățineanul</subfield>
      <subfield code="h">[Carte tipărită]</subfield>
    </datafield>
    <datafield tag="260" ind1=" " ind2=" ">
      <subfield code="a">Craiova</subfield>
      <subfield code="b">[S.n.]</subfield>
      <subfield code="c">1830</subfield>
    </datafield>
    <datafield tag="300" ind1=" " ind2=" ">
      <subfield code="a">[1] f., 118 p., [1] f.</subfield>
    </datafield>
    <datafield tag="500" ind1=" " ind2=" ">
      <subfield code="a">Legătura: coperţi originale de culoare albă; pe copertă apare titlul „Mitologie pe limba rumânească de S. K.” Observaţii: ştampilă de formă dreptunghiulară cu textul: „Biblioteca „Astrei” (Asociaţiunea pentru lit. rom. şi cultura poporului român). Centrala Sibiu. Nr.” pe prima filă v şi pe foaia de titlu. 19 gravuri în litografie. (1479 BRV)</subfield>
    </datafield>
    <datafield tag="650" ind1=" " ind2=" ">
      <subfield code="a">carte românească veche</subfield>
    </datafield>
    <datafield tag="650" ind1=" " ind2=" ">
      <subfield code="a">mitologie</subfield>
    </datafield>
    <datafield tag="650" ind1=" " ind2=" ">
      <subfield code="a">mitologie comparata</subfield>
    </datafield>
    <datafield tag="650" ind1=" " ind2=" ">
      <subfield code="a">mitologie greacă</subfield>
    </datafield>
    <datafield tag="650" ind1=" " ind2=" ">
      <subfield code="a">mitologie românească</subfield>
    </datafield>
    <datafield tag="856" ind1=" " ind2=" ">
      <subfield code="u">http://www.dspace.bjastrasibiu.ro/bitstream/123456789/9497/1/BJA_CS_000535_CRV_0001-0154.pdf</subfield>
    </datafield>
    <datafield tag="995" ind1=" " ind2=" ">
      <subfield code="a">Colecţii Speciale - BRV</subfield>
      <subfield code="D">0.01</subfield>
      <subfield code="e">BRV535</subfield>
      <subfield code="F">Sediul_Central_A</subfield>
      <subfield code="j">1479 BRV</subfield>
      <subfield code="U">Available</subfield>
      <subfield code="W">Oct 27, 2019</subfield>
      <subfield code="y">BRV535</subfield>
      <subfield code="Z">Împrumut la Sala</subfield>
    </datafield>
  </record>