
  <record>
    <leader>00000nam a2200000 a 4500</leader>
    <controlfield tag="001">BJSB444437</controlfield>
    <controlfield tag="008">191027s1830####|||||||||||||||||#||####u</controlfield>
    <datafield tag="050" ind1=" " ind2=" ">
      <subfield code="a">094.1(498); 655.3.066.26</subfield>
    </datafield>
    <datafield tag="100" ind1=" " ind2=" ">
      <subfield code="a">Neagoe, Stefan P.</subfield>
    </datafield>
    <datafield tag="245" ind1="1" ind2="0">
      <subfield code="a">Calendariu romanescu pe anu-l dela Cristos 1830 quare se cuprinde din 365 de dii-le şi este aquum a trea óra intr'aquestu modu lucratu de Stefanu P. Niagoe invetiatoriu scólei romanesci din Pesta.</subfield>
      <subfield code="c">Stefan P. Neagoe</subfield>
      <subfield code="h">[Carte tipărită]</subfield>
    </datafield>
    <datafield tag="260" ind1=" " ind2=" ">
      <subfield code="a">Buda</subfield>
      <subfield code="b">Crăiasca Tipografie a Universității Ungurești</subfield>
      <subfield code="c">1830</subfield>
    </datafield>
    <datafield tag="300" ind1=" " ind2=" ">
      <subfield code="a">[9] f., 138 p.</subfield>
    </datafield>
    <datafield tag="500" ind1=" " ind2=" ">
      <subfield code="a">Legătura: din carton recent. Observaţii: exemplarul este amintit în Bibliografia Românească Veche, fiind comunicat de Sabin Mureşan, bibliotecar la Biblioteca Universităţii din Cluj. Autorii BRV nu au cunoscut niciun exemplar. Semnalăm diferenţe de paginaţie între exemplarul amintit în BRV şi cel descris de noi (BRV 33 foi + 141 p.). Exemplarul este incomplet. Filele 1-8 textul este scris şi în limba română - caractere latine şi în limba română - caractere chirilice. Text în limba română - caractere latine (p. 1-35). Text în limba română caractere latine (p. 36-42), denumirile târgurilor apar şi în limba română - caractere chirilice. Text în limba română - caractere latine, text în limba română - caractere chirilice (p. 43-138). (1475 BRV)</subfield>
    </datafield>
    <datafield tag="650" ind1=" " ind2=" ">
      <subfield code="a">carte românească veche</subfield>
    </datafield>
    <datafield tag="650" ind1=" " ind2=" ">
      <subfield code="a">tipar</subfield>
    </datafield>
    <datafield tag="650" ind1=" " ind2=" ">
      <subfield code="a">tipărituri</subfield>
    </datafield>
    <datafield tag="650" ind1=" " ind2=" ">
      <subfield code="a">calendare</subfield>
    </datafield>
    <datafield tag="856" ind1=" " ind2=" ">
      <subfield code="u">http://www.dspace.bjastrasibiu.ro/bitstream/123456789/9488/1/BJA_CS_000218_CRV_0001-0182.pdf</subfield>
    </datafield>
    <datafield tag="995" ind1=" " ind2=" ">
      <subfield code="a">Colecţii Speciale - BRV</subfield>
      <subfield code="D">0.01</subfield>
      <subfield code="e">BRV218</subfield>
      <subfield code="F">Sediul_Central_A</subfield>
      <subfield code="j">1475 BRV</subfield>
      <subfield code="U">Available</subfield>
      <subfield code="W">Oct 27, 2019</subfield>
      <subfield code="y">BRV218</subfield>
      <subfield code="Z">Împrumut la Sala</subfield>
    </datafield>
  </record>