
  <record>
    <leader>00000nam a2200000 a 4500</leader>
    <controlfield tag="001">BJSB444435</controlfield>
    <controlfield tag="008">191027s1829####|||||||||||||||||#||####u</controlfield>
    <datafield tag="050" ind1=" " ind2=" ">
      <subfield code="a">094.1(498); 141; 167.3; 17.02</subfield>
    </datafield>
    <datafield tag="100" ind1=" " ind2=" ">
      <subfield code="a">Gottlieb Ainekie, Io.</subfield>
    </datafield>
    <datafield tag="245" ind1="1" ind2="0">
      <subfield code="a">Filosofia cuvântului şi a năravurilor, adecă logica şi etica elementare, cărora să pune înainte istoria filosoficească scrise întâiu latineşte de lăudatul profesor Io. Gottlieb. Ainekie, fiind în catedra filos. din Alla. apoi traduse în limba elinească de dumnealui marele ban Grigorie Brâncoveanul, iar acum în limba românească de Eufrosin Dimitrie Poteca, ierom. şi profesor de filosofie dela Bucureşti spre povăţuire la leţiile sale de filosofie. Logica und moral - philosophie walachisch</subfield>
      <subfield code="c">Io. Gottlieb. Ainekie; trad. Grigorie Brâncoveanul, Eufrosin Dimitrie Poteca</subfield>
      <subfield code="h">[Carte tipărită]</subfield>
    </datafield>
    <datafield tag="250" ind1=" " ind2=" ">
      <subfield code="a">Ed. 1</subfield>
    </datafield>
    <datafield tag="260" ind1=" " ind2=" ">
      <subfield code="a">Buda</subfield>
      <subfield code="b">Crăiasca Tipografie a Universității Ungurești</subfield>
      <subfield code="c">1829</subfield>
    </datafield>
    <datafield tag="300" ind1=" " ind2=" ">
      <subfield code="a">[24] f., 398 p.</subfield>
    </datafield>
    <datafield tag="500" ind1=" " ind2=" ">
      <subfield code="a">Text în limba română cu caractere chirilice Greşeli de paginaţie: p. 358 numerotată 258; p. 397 numerotată 389; p. 367 numerotată 267. Legătura: originală în carton; coperta 1 imprimată cu următorul text: Filosofia / Cuvântului / şi a / Năravurilor / de Ioan. Gotlieb. Ainechie. / Tălmăcită româneşte / de Eufrosin Ierom. Poteca. Sub text o gravură reprezentând doi copii, faţă în faţă la un pupitru, unul scriind iar celălalt citind. Sub pupitru un glob pământesc. Sub gravură textul: Preţul 2. flor. de argint. / 3 flor. de hârtie faină. Însemnări: foaia de gardă: „Victoria C. Iuga”. Observaţii: ştampilă ovală cu textul: Biblioteca Centrală a „Asociaţiunii” Sibiiu pe fila 19, p. 83, 167, 229, 277, 329; ştampilă de formă dreptunghiulară cu textul: Biblioteca „Astrei” (Asociaţiunea pentru lit. rom. şi cultura poporului român). Centrala Sibiu. Nr. 140 I pe foaia de gardă, fila 2; ştampilă ovală cu textul: Biblioteca Asociat. Trann. Rom. P. Cult. şi Lit. Pop. Rom. pe foaia de titlu. (1420 BRV)</subfield>
    </datafield>
    <datafield tag="650" ind1=" " ind2=" ">
      <subfield code="a">fapte morale</subfield>
    </datafield>
    <datafield tag="650" ind1=" " ind2=" ">
      <subfield code="a">etică elementară</subfield>
    </datafield>
    <datafield tag="650" ind1=" " ind2=" ">
      <subfield code="a">logică elementară</subfield>
    </datafield>
    <datafield tag="650" ind1=" " ind2=" ">
      <subfield code="a">filozofie</subfield>
    </datafield>
    <datafield tag="650" ind1=" " ind2=" ">
      <subfield code="a">carte românească veche</subfield>
    </datafield>
    <datafield tag="856" ind1=" " ind2=" ">
      <subfield code="u">http://www.dspace.bjastrasibiu.ro/bitstream/123456789/2302/1/BJA_CS_000210_CRV_0001-0454.pdf</subfield>
    </datafield>
    <datafield tag="995" ind1=" " ind2=" ">
      <subfield code="a">Colecţii Speciale - BRV</subfield>
      <subfield code="D">0.01</subfield>
      <subfield code="e">BRV210</subfield>
      <subfield code="F">Sediul_Central_A</subfield>
      <subfield code="j">1420 BRV</subfield>
      <subfield code="U">Available</subfield>
      <subfield code="W">Oct 27, 2019</subfield>
      <subfield code="y">BRV210</subfield>
      <subfield code="Z">Împrumut la Sala</subfield>
    </datafield>
  </record>