
  <record>
    <leader>00000nam a2200000 a 4500</leader>
    <controlfield tag="001">BJSB444433</controlfield>
    <controlfield tag="008">191026s1828####|||||||||||||||||#||####u</controlfield>
    <datafield tag="050" ind1=" " ind2=" ">
      <subfield code="a">094.1(498); 94(498.4)</subfield>
    </datafield>
    <datafield tag="245" ind1="0" ind2="0">
      <subfield code="a">Respundere desgustătoare la cărtirea, cea în hale în anul 1823 sub titula: erweis, das die walachen nicht römischer abkunft sind. (Adecă arătare, cum că românii nu sânt viţă de romani) de c. consiliar de *** făcută la care se adausă arătarea cu scriptori verednici de credinţă întărită: cum că românii sânt adevăraţi strănepoţi a romanilor. Întâiu latinesce ţesută, iară acuma în limba daco - romanească preîntoarsă, tot de acelaşi autor Damaschin T. Bojincă la Înalta Tablă Cr. a Ungariei jurat notaroş</subfield>
      <subfield code="c">Damaschin T. Bojincă</subfield>
      <subfield code="h">[Carte tipărită]</subfield>
    </datafield>
    <datafield tag="250" ind1=" " ind2=" ">
      <subfield code="a">Ed. 1</subfield>
    </datafield>
    <datafield tag="260" ind1=" " ind2=" ">
      <subfield code="a">Buda</subfield>
      <subfield code="b">Crăiasca Tipografie a Universității Ungurești</subfield>
      <subfield code="c">1828</subfield>
    </datafield>
    <datafield tag="300" ind1=" " ind2=" ">
      <subfield code="a">129 p.</subfield>
    </datafield>
    <datafield tag="500" ind1=" " ind2=" ">
      <subfield code="a">Text în limba română cu caractere chirilice Legătura: din carton recent marmorat; cotorul învelit în pânză de culoare maronie. Însemnări: fila de gardă de la începutul cărţii: 207/893; foaia de titlu: 46 ani 1874. Observaţii: ştampilă ovală cu textul: Biblioteca Centrală a „Asociaţiunii” Sibiiu pe foaia de titlu, p. 9, 13, 23, 35, 49, 65, 89, 119; ştampilă de formă dreptunghiulară cu textul: Biblioteca „Astrei” (Asociaţiunea pentru lit. rom. şi cultura poporului român). Centrala Sibiiu. Nr. pe foaia de titlu; ştampilă ovală cu textul: Biblioteca Asociat. Trane. Rom. p. Cult. şi Lit. Pop. Rom. pe foaia de titlu. (1357 BRV)</subfield>
    </datafield>
    <datafield tag="650" ind1=" " ind2=" ">
      <subfield code="a">istoria Transilvaniei</subfield>
    </datafield>
    <datafield tag="650" ind1=" " ind2=" ">
      <subfield code="a">carte românească veche</subfield>
    </datafield>
    <datafield tag="650" ind1=" " ind2=" ">
      <subfield code="a">istorie</subfield>
    </datafield>
    <datafield tag="856" ind1=" " ind2=" ">
      <subfield code="u">http://www.dspace.bjastrasibiu.ro/bitstream/123456789/9489/1/BJA_CS_000203_CRV_0001-0124.pdf</subfield>
    </datafield>
    <datafield tag="995" ind1=" " ind2=" ">
      <subfield code="a">Colecţii Speciale - BRV</subfield>
      <subfield code="D">0.01</subfield>
      <subfield code="e">BRV203</subfield>
      <subfield code="F">Sediul_Central_A</subfield>
      <subfield code="j">1357 BRV</subfield>
      <subfield code="U">Available</subfield>
      <subfield code="W">Oct 26, 2019</subfield>
      <subfield code="y">BRV203</subfield>
      <subfield code="Z">Împrumut la Sala</subfield>
    </datafield>
  </record>