
  <record>
    <leader>00000nam a2200000 a 4500</leader>
    <controlfield tag="001">BJSB444432</controlfield>
    <controlfield tag="008">191026s1828####|||||||||||||||||#||####u</controlfield>
    <datafield tag="050" ind1=" " ind2=" ">
      <subfield code="a">094.1(498); 94(498.4)</subfield>
    </datafield>
    <datafield tag="100" ind1=" " ind2=" ">
      <subfield code="a">Aaron, Teodor</subfield>
    </datafield>
    <datafield tag="245" ind1="1" ind2="0">
      <subfield code="a">Scurtă apendice la istoria lui Petru Maior care prin adevărate mărturisiri a mai multor scriptori vechi, începutul românilor din romani adevăraţi, la mai mare lumină îl pune. Țesută de Teodor Aaron. Kurzer anhang zur walachischen geschichte des Peter Major.</subfield>
      <subfield code="c">Teodor Aaron</subfield>
      <subfield code="h">[Carte tipărită]</subfield>
    </datafield>
    <datafield tag="260" ind1=" " ind2=" ">
      <subfield code="a">Buda</subfield>
      <subfield code="b">Crăiasca Universitate din Pesta</subfield>
      <subfield code="c">1828</subfield>
    </datafield>
    <datafield tag="300" ind1=" " ind2=" ">
      <subfield code="a">79 p. ; 20 cm</subfield>
    </datafield>
    <datafield tag="500" ind1=" " ind2=" ">
      <subfield code="a">Text în limba română cu caractere chirilice Legătura: din carton recent de culoare albastră. Observaţii: ştampilă ovală cu textul: Biblioteca Asociat. Trane. Rom. P. Cult. şi Lit. Pop. Rom. pe foaia de titlu; ştampilă de formă dreptunghiulară cu textul: Biblioteca „Astrei” (Asociaţiunea pentru lit. rom. şi cultura poporului român). Centrala Sibiiu. Nr. 29815 pe foaia de titlu; ştampilă ovală cu textul: Biblioteca Centrală a Asociaţiunii Sibiiu pe foaia de titlu, p. 15,  21, 33, 45, 59. (1355 BRV)</subfield>
    </datafield>
    <datafield tag="650" ind1=" " ind2=" ">
      <subfield code="a">carte românească veche</subfield>
    </datafield>
    <datafield tag="650" ind1=" " ind2=" ">
      <subfield code="a">istoria Transilvaniei</subfield>
    </datafield>
    <datafield tag="650" ind1=" " ind2=" ">
      <subfield code="a">istorie</subfield>
    </datafield>
    <datafield tag="856" ind1=" " ind2=" ">
      <subfield code="u">http://www.dspace.bjastrasibiu.ro/bitstream/123456789/9503/1/BJA_CS_000202_CRV_0001-0080.pdf</subfield>
    </datafield>
    <datafield tag="995" ind1=" " ind2=" ">
      <subfield code="a">Colecţii Speciale - BRV</subfield>
      <subfield code="D">0.01</subfield>
      <subfield code="e">BRV202</subfield>
      <subfield code="F">Sediul_Central_A</subfield>
      <subfield code="j">1355 BRV</subfield>
      <subfield code="U">Available</subfield>
      <subfield code="W">Oct 26, 2019</subfield>
      <subfield code="y">BRV202</subfield>
      <subfield code="Z">Împrumut la Sala</subfield>
    </datafield>
  </record>