
  <record>
    <leader>00000nam a2200000 a 4500</leader>
    <controlfield tag="001">BJSB444431</controlfield>
    <controlfield tag="008">191026s1827####|||||||||||||||||#||####u</controlfield>
    <datafield tag="050" ind1=" " ind2=" ">
      <subfield code="a">094.1(498); 264-13</subfield>
    </datafield>
    <datafield tag="245" ind1="0" ind2="0">
      <subfield code="a">Ceasoslov acum întâi aicea tipărit în zilele prealuminatului şi prea înălţatului nostru Domn Grigorie Dimitrie Ghica Voevod cu blagoslovenia preasfinţitului Arhiepiscop şi Mitropolit a toată Ungrovlahia chiriu chiriu Grigorie</subfield>
      <subfield code="c">Editor Grigorie, Arhiepiscop și Mitropolit a Ungrovlahiei</subfield>
      <subfield code="h">[Carte tipărită]</subfield>
    </datafield>
    <datafield tag="250" ind1=" " ind2=" ">
      <subfield code="a">Ed. I</subfield>
    </datafield>
    <datafield tag="260" ind1=" " ind2=" ">
      <subfield code="a">București</subfield>
      <subfield code="b">Tipografia de la Cișmea a lui Mavroghenie</subfield>
      <subfield code="c">1827</subfield>
    </datafield>
    <datafield tag="300" ind1=" " ind2=" ">
      <subfield code="a">[2], 371 p. ; 19 cm</subfield>
    </datafield>
    <datafield tag="500" ind1=" " ind2=" ">
      <subfield code="a">Legătura: coperţi din lemn învelite în piele; în plan central Isus Pantocrator; se mai păstrează urmele de la cheotori. Însemnări: foaia de gardă de la începutul cărţii: Chirieaşiţa [...] al ei este acest  Apropiseţi [...] sărac şi răspundei dulce seamănă la tinereţe ca să aibi ce culege la bătrâneţe [...] ce ţie nuţi place nici tu altuia; fila de gardă: 1834 fevruar 22. De atunci începu Is a spune oucenicilor săi că [i se] cade lui a mearge în Ierusalim şi [...] multe a păzi de [...] bătrâni şi de arhierei şi de cărtura[ri] şi a se omorî şi a tria zi a învia şi apucă de pre Petre (?); a doua filă de gardă: Eu Oprea Boiaştilu (?) cu(m)păratu acestu ceaslovu dela jupâneasa Akilina [...] au muritu [...] şi numai pă dânsu la avut [...] Dumnezeu să le erte şi pă noi şi pă ele că toţi sântem muritori [...] 29 luna [...] eu Oprea sin Ioan Sărbu de la Nicopol; p. 1: şi am cu[m]păratu acestu ceaslovu; p. 2: dela dumneaei jupâneasa Akilina; p. 3: fosta-au starosteasă de [...]; p. 4: am cumpărat eu Oprea; p. 5: [...] tatăl [...]; p. 6: leatu 1829 [...]; p. 371: încercări de condei; fila de gardă de la sfârşitul cărţii: Doamne strigatam cătră tine auzimă Doamne, Doamne strigatam cătră tine auzimă [...] unde [...] strig cătră tine auzimă Doamne; [...] sau cutremurat pământul [...] am însemnat la leat 1838 [...] în noaptea lui Teodosiu (?) începătorul [...] seara pe la patru ceasuri din noapte sau cutremurat. (1303 BRV)</subfield>
    </datafield>
    <datafield tag="650" ind1=" " ind2=" ">
      <subfield code="a">teologie</subfield>
    </datafield>
    <datafield tag="650" ind1=" " ind2=" ">
      <subfield code="a">carte românească veche</subfield>
    </datafield>
    <datafield tag="650" ind1=" " ind2=" ">
      <subfield code="a">ceaslov</subfield>
    </datafield>
    <datafield tag="650" ind1=" " ind2=" ">
      <subfield code="a">cărţi liturgice</subfield>
    </datafield>
    <datafield tag="856" ind1=" " ind2=" ">
      <subfield code="u">http://www.dspace.bjastrasibiu.ro/bitstream/123456789/2314/1/BJA_CS_000525_CRV_0001-0382.pdf</subfield>
    </datafield>
    <datafield tag="995" ind1=" " ind2=" ">
      <subfield code="a">Colecţii Speciale - BRV</subfield>
      <subfield code="D">0.01</subfield>
      <subfield code="e">BRV525</subfield>
      <subfield code="F">Sediul_Central_A</subfield>
      <subfield code="j">1303 BRV</subfield>
      <subfield code="U">Available</subfield>
      <subfield code="W">Oct 26, 2019</subfield>
      <subfield code="y">BRV525</subfield>
      <subfield code="Z">Împrumut la Sala</subfield>
    </datafield>
  </record>