
  <record>
    <leader>00000nam a2200000 a 4500</leader>
    <controlfield tag="001">BJSB444430</controlfield>
    <controlfield tag="008">191026s1827####|||||||||||||||||#||####u</controlfield>
    <datafield tag="050" ind1=" " ind2=" ">
      <subfield code="a">094.1(498); 264-15</subfield>
    </datafield>
    <datafield tag="245" ind1="0" ind2="1">
      <subfield code="a">[Sfintele şi dumnezeeştile liturghii a celor dintru sfinţi părinţilor noştri a lui Ioann Zlatoust a lui Vasilie cel Mare a prejdeosştenii tipărită în zilele prea înălţatului înpărat al Austrii Francisc Întâiul. Cu slobozenia înălţatului crăescului guberniu a tot Ardealului]</subfield>
      <subfield code="h">[Carte tipărită]</subfield>
    </datafield>
    <datafield tag="260" ind1=" " ind2=" ">
      <subfield code="a">Sibiu</subfield>
      <subfield code="b">Tipografia Ioan Bart</subfield>
      <subfield code="c">1827</subfield>
    </datafield>
    <datafield tag="300" ind1=" " ind2=" ">
      <subfield code="a">316 p. ; 20 cm</subfield>
    </datafield>
    <datafield tag="500" ind1=" " ind2=" ">
      <subfield code="a">Lipsește foaia de titlu. Textul a fost reprodus din Bibliografia Românească Veche, tom III, 1936, p. 538-539. Text în limba română cu caractere chirilice. Legătura: coperţi din lemn învelite în piele; cotorul parţial deteriorat. Însemnări: foaia de gardă de la sfârşitul cărţii: [...] Această liturghie iaste [...] popa [...] din satul [...] Observaţii: exemplar incomplet, lipsesc primele două file şi p. 15-16; coperta 2, anexat un fragment de hârtie cu următorul text: Sfintele şi dumnezeieştile Liturghii. Sibiu, 1827. Anticariat [...] Lei 500; numeroase pete de ceară pe mai multe file.(1315 BRV)</subfield>
    </datafield>
    <datafield tag="650" ind1=" " ind2=" ">
      <subfield code="a">carte românească veche</subfield>
    </datafield>
    <datafield tag="650" ind1=" " ind2=" ">
      <subfield code="a">cult public</subfield>
    </datafield>
    <datafield tag="650" ind1=" " ind2=" ">
      <subfield code="a">cărţi liturgice</subfield>
    </datafield>
    <datafield tag="650" ind1=" " ind2=" ">
      <subfield code="a">liturghie</subfield>
    </datafield>
    <datafield tag="650" ind1=" " ind2=" ">
      <subfield code="a">teologie</subfield>
    </datafield>
    <datafield tag="856" ind1=" " ind2=" ">
      <subfield code="u">http://www.dspace.bjastrasibiu.ro/bitstream/123456789/9504/1/BJA_CS_000315_CRV_0001-0306.pdf</subfield>
    </datafield>
    <datafield tag="995" ind1=" " ind2=" ">
      <subfield code="a">Colecţii Speciale - BRV</subfield>
      <subfield code="D">0.01</subfield>
      <subfield code="e">BRV315</subfield>
      <subfield code="F">Sediul_Central_A</subfield>
      <subfield code="j">1315 BRV</subfield>
      <subfield code="U">Available</subfield>
      <subfield code="W">Oct 26, 2019</subfield>
      <subfield code="y">BRV315</subfield>
      <subfield code="Z">Împrumut la Sala</subfield>
    </datafield>
  </record>