
  <record>
    <leader>00000nam a2200000 a 4500</leader>
    <controlfield tag="001">BJSB444429</controlfield>
    <controlfield tag="008">191026s1827####|||||||||||||||||#||####u</controlfield>
    <datafield tag="050" ind1=" " ind2=" ">
      <subfield code="a">094.1(498); 17.02; 241</subfield>
    </datafield>
    <datafield tag="100" ind1=" " ind2=" ">
      <subfield code="a">Vamva, Neofit</subfield>
    </datafield>
    <datafield tag="245" ind1="1" ind2="0">
      <subfield code="a">Elementuri de filosofie morală alcătuite de Neofit Vamva pentru iubitoarea de învăţătură tinerime a grecilor. Fireşte toate să strică din lipsire, şi prisosire (arist. mor: cart: 2. cap: 2.). Și tălmăcite în limba românească, spre folosul tinerilor români de Constantin Radoviciu dintre Goleşti</subfield>
      <subfield code="c">Neofit Vamva; trad. Constantin Radovici Golești</subfield>
      <subfield code="h">[Carte tipărită]</subfield>
    </datafield>
    <datafield tag="250" ind1=" " ind2=" ">
      <subfield code="a">Ed. 1</subfield>
    </datafield>
    <datafield tag="260" ind1=" " ind2=" ">
      <subfield code="a">București</subfield>
      <subfield code="b">Tpografia de la Cișmea</subfield>
      <subfield code="c">1827</subfield>
    </datafield>
    <datafield tag="300" ind1=" " ind2=" ">
      <subfield code="a">380 p. ; 18 cm</subfield>
    </datafield>
    <datafield tag="500" ind1=" " ind2=" ">
      <subfield code="a">Text în limba română cu caractere chirilice. Greşeli de paginație: p. 215 e numerotată 115. Legătura: carton recent marmorat, cotor şi colţurile legate în piele. Însemnări: foaia de titlu: I B 71. Observaţii: ştampilă ovală cu textul: Biblioteca Centrală a „Asociaţiunii” Sibiiu pe foaia de gardă, p. 101, 389; ştampilă de formă dreptunghiulară cu textul: Biblioteca „Astrei” (Asociaţiunea pentru lit. rom. şi cultura poporului român). Centrala Sibiu. Nr. pe foaia de gardă şi pe foaia de titlu apărând şi Nr. 15306; ştampilă de formă ovală cu următorul text: „Şcoala Capitala Română Gr. Or. Reşinariu” pe foaia de titlu.(1307 BRV)</subfield>
    </datafield>
    <datafield tag="650" ind1=" " ind2=" ">
      <subfield code="a">filosofie</subfield>
    </datafield>
    <datafield tag="650" ind1=" " ind2=" ">
      <subfield code="a">filosofie morala</subfield>
    </datafield>
    <datafield tag="650" ind1=" " ind2=" ">
      <subfield code="a">carte românească veche</subfield>
    </datafield>
    <datafield tag="650" ind1=" " ind2=" ">
      <subfield code="a">teologie morală</subfield>
    </datafield>
    <datafield tag="856" ind1=" " ind2=" ">
      <subfield code="u">http://www.dspace.bjastrasibiu.ro/bitstream/123456789/9505/1/BJA_CS_000199_CRV_0001-0384.pdf</subfield>
    </datafield>
    <datafield tag="995" ind1=" " ind2=" ">
      <subfield code="a">Colecţii Speciale - BRV</subfield>
      <subfield code="D">0.01</subfield>
      <subfield code="e">BRV199</subfield>
      <subfield code="F">Sediul_Central_A</subfield>
      <subfield code="j">1307 BRV</subfield>
      <subfield code="U">Available</subfield>
      <subfield code="W">Oct 26, 2019</subfield>
      <subfield code="y">BRV199</subfield>
      <subfield code="Z">Împrumut la Sala</subfield>
    </datafield>
  </record>