
  <record>
    <leader>00000nam a2200000 a 4500</leader>
    <controlfield tag="001">BJSB444428</controlfield>
    <controlfield tag="008">191026s1827####|||||||||||||||||#||####u</controlfield>
    <datafield tag="050" ind1=" " ind2=" ">
      <subfield code="a">094.1(498); 177; 179</subfield>
    </datafield>
    <datafield tag="100" ind1=" " ind2=" ">
      <subfield code="a">Darvar, Dimitrie Nicolae</subfield>
    </datafield>
    <datafield tag="245" ind1="1" ind2="0">
      <subfield code="a">Culegere de înţelepciune scrisă în limba grecească: de dumnealui Dimitrie Nicolau Darvar iar acum tălmăcită în cea rumânească de Iancu Nicolae Moldovean şi acum întâiaoară dată în tipariu</subfield>
      <subfield code="c">Dimitrie Nicolae Darvar; trad. Iancu Nicolae Moldovean</subfield>
      <subfield code="h">[Carte tipărită]</subfield>
    </datafield>
    <datafield tag="250" ind1=" " ind2=" ">
      <subfield code="a">Ed. 1</subfield>
    </datafield>
    <datafield tag="260" ind1=" " ind2=" ">
      <subfield code="a">București</subfield>
      <subfield code="b">Privilegiata Tipografie</subfield>
      <subfield code="c">1827</subfield>
    </datafield>
    <datafield tag="300" ind1=" " ind2=" ">
      <subfield code="a">[8] f., 129 p., [11] p. ; 17 cm</subfield>
    </datafield>
    <datafield tag="500" ind1=" " ind2=" ">
      <subfield code="a">Text în limba română cu caractere chirilice egătura: carton recent, cotorul legat în piele de culoare maronie. Însemnări: pe coperta 3: George Stroescu. Seminarul Vîlcea. Clasu IV; p. 103, 108-109 încercări de condei. Observaţii: ştampilă dreptunghiulară cu următorul text: Asociaţiunea pentru Literatura Română şi Cultura Poporului Român Astra Sibiu No. 194 Anul 1943 luna Ian. Ziua 7 pe coperta 3; este colligat cu lucrarea lui Paris Mumuleanu, Caracteruri, Bucureşti, 1825; pe cotor apar titlurile ambelor lucrări. (1306 BRV)</subfield>
    </datafield>
    <datafield tag="650" ind1=" " ind2=" ">
      <subfield code="a">morală</subfield>
    </datafield>
    <datafield tag="650" ind1=" " ind2=" ">
      <subfield code="a">carte românească veche</subfield>
    </datafield>
    <datafield tag="650" ind1=" " ind2=" ">
      <subfield code="a">morală creştină</subfield>
    </datafield>
    <datafield tag="650" ind1=" " ind2=" ">
      <subfield code="a">virtuţi morale</subfield>
    </datafield>
    <datafield tag="650" ind1=" " ind2=" ">
      <subfield code="a">virtuţi</subfield>
    </datafield>
    <datafield tag="650" ind1=" " ind2=" ">
      <subfield code="a">morală şi societate</subfield>
    </datafield>
    <datafield tag="650" ind1=" " ind2=" ">
      <subfield code="a">morală socială</subfield>
    </datafield>
    <datafield tag="856" ind1=" " ind2=" ">
      <subfield code="u">http://www.dspace.bjastrasibiu.ro/bitstream/123456789/9506/1/BJA_CS_000191_CRV_0001-0149.pdf</subfield>
    </datafield>
    <datafield tag="995" ind1=" " ind2=" ">
      <subfield code="a">Colecţii Speciale - BRV</subfield>
      <subfield code="D">0.01</subfield>
      <subfield code="e">BRV191</subfield>
      <subfield code="F">Sediul_Central_A</subfield>
      <subfield code="j">1306 BRV</subfield>
      <subfield code="U">Available</subfield>
      <subfield code="W">Oct 26, 2019</subfield>
      <subfield code="y">BRV191</subfield>
      <subfield code="Z">Împrumut la Sala</subfield>
    </datafield>
  </record>