
  <record>
    <leader>00000nam a2200000 a 4500</leader>
    <controlfield tag="001">BJSB444427</controlfield>
    <controlfield tag="008">191026s1827####|||||||||||||||||#||####u</controlfield>
    <datafield tag="050" ind1=" " ind2=" ">
      <subfield code="a">094.1(498); 94(498); 355.232</subfield>
    </datafield>
    <datafield tag="100" ind1=" " ind2=" ">
      <subfield code="a">Căian, Dimitrie</subfield>
    </datafield>
    <datafield tag="245" ind1="1" ind2="0">
      <subfield code="a">Predică despre statul milităresc şi semnele lui de învingere. Pretiu unui esemplar este 30 cr. în argent spre folosul scholelor al. regiment romanilor = Bilde auf die erhabenebestimmung des militär standes und seiner siegeszeichen. Kostet ungenbunden 30 kr. conv. münze, und der er trag ist den schul austaltendes 1 ten wall. regiments gevidmet.</subfield>
      <subfield code="c">Dimitrie Căian</subfield>
      <subfield code="h">[Carte tipărită]</subfield>
    </datafield>
    <datafield tag="260" ind1=" " ind2=" ">
      <subfield code="a">Blaj</subfield>
      <subfield code="b">[S.n.]</subfield>
      <subfield code="c">1827</subfield>
    </datafield>
    <datafield tag="300" ind1=" " ind2=" ">
      <subfield code="a">44 p. ; 18 cm</subfield>
    </datafield>
    <datafield tag="500" ind1=" " ind2=" ">
      <subfield code="a">Legătura: carton recent de culoare albastră. Însemnări: foaia de titlu: Zosof Orlat. Observaţii: fila de titlu s-a păstrat fragmentar; în interiorul cărţii o filă conţinând următorul text: Către Biblioteca „Ştefan Gheorghiu” Sibiu. Subsemnatul A. Zosof prof. Orlat raionul Sibiu, donez cartea „Predica despre Statutul Milităresc...” de D. Kaian, găsită în com. Orlat cu ocazia cercetărilor monografice. Orlat, 28 XII 965. A. Zosof, prof. Orlat. (1301 BRV)</subfield>
    </datafield>
    <datafield tag="650" ind1=" " ind2=" ">
      <subfield code="a">instrucţie militară</subfield>
    </datafield>
    <datafield tag="650" ind1=" " ind2=" ">
      <subfield code="a">istorie</subfield>
    </datafield>
    <datafield tag="650" ind1=" " ind2=" ">
      <subfield code="a">carte românească veche</subfield>
    </datafield>
    <datafield tag="650" ind1=" " ind2=" ">
      <subfield code="a">istoria României</subfield>
    </datafield>
    <datafield tag="650" ind1=" " ind2=" ">
      <subfield code="a">istorie militară</subfield>
    </datafield>
    <datafield tag="856" ind1=" " ind2=" ">
      <subfield code="u">http://www.dspace.bjastrasibiu.ro/bitstream/123456789/9498/1/BJA_CS_000277_CRV_0001-0044.pdf</subfield>
    </datafield>
    <datafield tag="995" ind1=" " ind2=" ">
      <subfield code="a">Colecţii Speciale - BRV</subfield>
      <subfield code="D">0.01</subfield>
      <subfield code="e">BRV277</subfield>
      <subfield code="F">Sediul_Central_A</subfield>
      <subfield code="j">1301 BRV</subfield>
      <subfield code="U">Available</subfield>
      <subfield code="W">Oct 26, 2019</subfield>
      <subfield code="y">BRV277</subfield>
      <subfield code="Z">Împrumut la Sala</subfield>
    </datafield>
  </record>