
  <record>
    <leader>00000nam a2200000 a 4500</leader>
    <controlfield tag="001">BJSB444426</controlfield>
    <controlfield tag="008">191026s1826####|||||||||||||||||#||####u</controlfield>
    <datafield tag="050" ind1=" " ind2=" ">
      <subfield code="a">094.1(498); 264-16</subfield>
    </datafield>
    <datafield tag="245" ind1="0" ind2="0">
      <subfield code="a">Tipiconul întâia oară întru acest chip aşezat, şi tipărit, după rânduiala besearicii răsăritului supt stăpânirea prealuminatului şi stăpânitoriului înpărat şi craiu Francisc întâiul cu blagoslovenia Exţelenţiei sale Prea-osfinţitului domn Stefan Stratimirovici, Arhiepiscopul şi Mitropolitul Besearicii răsăritului din Carloveţ.</subfield>
      <subfield code="c">Editor Stefan Stratimirovici, Arhiepiscopul și Mitropolitul Bisericii Ortodoxe din Carloveț</subfield>
      <subfield code="h">[Carte tipărită]</subfield>
    </datafield>
    <datafield tag="250" ind1=" " ind2=" ">
      <subfield code="a">Ed. 1</subfield>
    </datafield>
    <datafield tag="260" ind1=" " ind2=" ">
      <subfield code="a">Buda</subfield>
      <subfield code="b">Crăiasca Tipografie a Universității Ungurești</subfield>
      <subfield code="c">1826</subfield>
    </datafield>
    <datafield tag="300" ind1=" " ind2=" ">
      <subfield code="a">73 f., [3] f.</subfield>
    </datafield>
    <datafield tag="500" ind1=" " ind2=" ">
      <subfield code="a">Legătura: coperţi din lemn învelite în piele, parţial deteriorate; se mai păstrează urmele cheotorilor. Însemnări: ultima filă nenumerotată: În Dumineca Fiului rătăcit a cărnei şi a brânzei să cântă polieleul pripealelor; Întoarce Doamne Robia sufletelor noastre şi frica Ta o sădeşte întru inimele noastre (zicând) săditorul bunătăţilor. Rodeanul cantor 1902. Observaţii: coperta 3: Anticariat Sibiu. Lei 625; este colligat cu tipăritura Octoih şi Catavasier, Buda, 1826. (1292 BRV)</subfield>
    </datafield>
    <datafield tag="650" ind1=" " ind2=" ">
      <subfield code="a">carti de ceremonial</subfield>
    </datafield>
    <datafield tag="650" ind1=" " ind2=" ">
      <subfield code="a">teologie</subfield>
    </datafield>
    <datafield tag="650" ind1=" " ind2=" ">
      <subfield code="a">carte românească veche</subfield>
    </datafield>
    <datafield tag="650" ind1=" " ind2=" ">
      <subfield code="a">cărţi bisericeşti</subfield>
    </datafield>
    <datafield tag="856" ind1=" " ind2=" ">
      <subfield code="u">http://www.dspace.bjastrasibiu.ro/bitstream/123456789/9499/1/BJA_CS_000467_CRV_0001-0152.pdf</subfield>
    </datafield>
    <datafield tag="995" ind1=" " ind2=" ">
      <subfield code="a">Colecţii Speciale - BRV</subfield>
      <subfield code="D">0.01</subfield>
      <subfield code="e">BRV467</subfield>
      <subfield code="F">Sediul_Central_A</subfield>
      <subfield code="j">1292 BRV</subfield>
      <subfield code="U">Available</subfield>
      <subfield code="W">Oct 26, 2019</subfield>
      <subfield code="y">BRV467</subfield>
      <subfield code="Z">Împrumut la Sala</subfield>
    </datafield>
  </record>