
  <record>
    <leader>00000nam a2200000 a 4500</leader>
    <controlfield tag="001">BJSB444425</controlfield>
    <controlfield tag="008">191026s1826####|||||||||||||||||#||####u</controlfield>
    <datafield tag="050" ind1=" " ind2=" ">
      <subfield code="a">094.1(498); 94(498); 94(498.1); 94(498.3)</subfield>
    </datafield>
    <datafield tag="100" ind1=" " ind2=" ">
      <subfield code="a">Tornton, Tomas</subfield>
    </datafield>
    <datafield tag="245" ind1="1" ind2="0">
      <subfield code="a">Stare de acum din oblăduirea geograficească, orăşenească şi politicească a principa turilor Valahiei şi a Moldaviei după îngrijirile făcute de o lăcuire de ani cincisprezece, atât în Țarigrad, cât şi în înpărăţia turcească de Tomas Tornton englezul, sol fiind la Țarigrad, tipărită la Paris în anul 1812. </subfield>
      <subfield code="c">Tomas Tornton</subfield>
      <subfield code="h">[Carte tipărită]</subfield>
    </datafield>
    <datafield tag="250" ind1=" " ind2=" ">
      <subfield code="a">Ed. I</subfield>
    </datafield>
    <datafield tag="260" ind1=" " ind2=" ">
      <subfield code="a">Buda</subfield>
      <subfield code="b">Crăiasca Tipografie a Universității Ungurești</subfield>
      <subfield code="c">1826</subfield>
    </datafield>
    <datafield tag="300" ind1=" " ind2=" ">
      <subfield code="a">[1], XVI p., 99 p. ; 20 cm</subfield>
    </datafield>
    <datafield tag="500" ind1=" " ind2=" ">
      <subfield code="a">Legătura: din carton recent marmorat. Însemnări: fila de gardă: Veris Traductor es Prefa[...] haba[...] Constandinus Golescu [...] Valachice; Amos Tordăşescu 849; Nru 31; Victor Săianu; foaia de titlu: m 192/1927. Observaţii: conform însemnării, traducătorul lucrării ar fi fost Dinicu Golescu; pe foaia de gardă ştampilă de formă dreptunghiulară cu textul: Biblioteca „Astrei” (Asociaţiunea pentru lit. rom. şi cultura poporului român). Centrala Sibiu. Nr. 30421; ştampilă ovală cu textul: Biblioteca Centrală a Asoc. Sibiiu pe foaia de gardă şi foaia de titlu. (1291 BRV)</subfield>
    </datafield>
    <datafield tag="650" ind1=" " ind2=" ">
      <subfield code="a">istoria României</subfield>
    </datafield>
    <datafield tag="650" ind1=" " ind2=" ">
      <subfield code="a">istoria Moldovei</subfield>
    </datafield>
    <datafield tag="650" ind1=" " ind2=" ">
      <subfield code="a">istoria Ţării Româneşti</subfield>
    </datafield>
    <datafield tag="650" ind1=" " ind2=" ">
      <subfield code="a">istorie</subfield>
    </datafield>
    <datafield tag="856" ind1=" " ind2=" ">
      <subfield code="u">http://www.dspace.bjastrasibiu.ro/bitstream/123456789/9507/1/BJA_CS_000198_CRV_0001-0120.pdf</subfield>
    </datafield>
    <datafield tag="995" ind1=" " ind2=" ">
      <subfield code="a">Colecţii Speciale - BRV</subfield>
      <subfield code="D">0.01</subfield>
      <subfield code="e">BRV198</subfield>
      <subfield code="F">Sediul_Central_A</subfield>
      <subfield code="j">1291 BRV</subfield>
      <subfield code="U">Available</subfield>
      <subfield code="W">Oct 26, 2019</subfield>
      <subfield code="y">BRV198</subfield>
      <subfield code="Z">Împrumut la Sala</subfield>
    </datafield>
  </record>