
  <record>
    <leader>00000nam a2200000 a 4500</leader>
    <controlfield tag="001">BJSB444424</controlfield>
    <controlfield tag="008">191026s1826####|||||||||||||||||#||####u</controlfield>
    <datafield tag="050" ind1=" " ind2=" ">
      <subfield code="a">094.1(498); 264-15</subfield>
    </datafield>
    <datafield tag="245" ind1="0" ind2="0">
      <subfield code="a">Octoih cu Catavasieriu întâia oară întru acest chip aşezat, şi tipărit după rânduiala besearicii răsăritului sub stăpânirea prealuminatului şi stăpânitoriului înpărat şi craiu Francisc Întâiul, cu blagoslovenia Exţelenţiei sale Preaosfinţitului domn Stefan Stratimirovici, Arhiepiscopul şi Mitropolitul Besearicii răsăritului din Carloveţ</subfield>
      <subfield code="c">Editor Stefan Stratimirovici, Arhiepiscopul și Mitropolitul Bisericii ortodoxe din Carloveț</subfield>
      <subfield code="h">[Carte tipărită]</subfield>
    </datafield>
    <datafield tag="250" ind1=" " ind2=" ">
      <subfield code="a">Ed. I</subfield>
    </datafield>
    <datafield tag="260" ind1=" " ind2=" ">
      <subfield code="a">Buda</subfield>
      <subfield code="b">Crăiasca Universitate din Pesta</subfield>
      <subfield code="c">1826</subfield>
    </datafield>
    <datafield tag="300" ind1=" " ind2=" ">
      <subfield code="a">[8] f., 141 f. ; 22 cm</subfield>
    </datafield>
    <datafield tag="500" ind1=" " ind2=" ">
      <subfield code="a">Greşeli de paginaţie: între filele 48 şi 49 este o filă nenumerotată. Legătura: coperţi din lemn învelite în piele; se mai păstrează urmele cheoterilor. Însemnări: fila 56: Mau preoţit; fila 57: la anu 1816 [...]; fila 58: în 25; fila 141: Acesta octoih satu cumpăratu cu banii bisericii şi eşte ai sfintei biserici a [...] hramu Sfântului Sava cel sfinţit fiind arhiereu întraceva vreme [...] popa şi pre popa Teodosie [...] popa şi preoţi [...] şi petru [...] parohi [...] 1835 (?) fembruarie 23 şi am scrisu Arhi Diaconu Dimitrie [...] Dumitru; Preţu lui aceşt 5 fl zloţi bani de argint; fila 141: Octoih bogat întru învăţături cine va vrea coste întru el va afla; Rodeanul cantor 1903. Observaţii: este colligat cu Tipiconul tipărit la Buda în 1826. (1284 BRV)</subfield>
    </datafield>
    <datafield tag="650" ind1=" " ind2=" ">
      <subfield code="a">carte liturgică</subfield>
    </datafield>
    <datafield tag="650" ind1=" " ind2=" ">
      <subfield code="a">teologie</subfield>
    </datafield>
    <datafield tag="650" ind1=" " ind2=" ">
      <subfield code="a">octoih</subfield>
    </datafield>
    <datafield tag="650" ind1=" " ind2=" ">
      <subfield code="a">carte românească veche</subfield>
    </datafield>
    <datafield tag="856" ind1=" " ind2=" ">
      <subfield code="u">http://www.dspace.bjastrasibiu.ro/bitstream/123456789/9511/1/BJA_CS_000461_CRV_0001-0175.pdf</subfield>
    </datafield>
    <datafield tag="995" ind1=" " ind2=" ">
      <subfield code="a">Colecţii Speciale - BRV</subfield>
      <subfield code="D">0.01</subfield>
      <subfield code="e">BRV461</subfield>
      <subfield code="F">Sediul_Central_A</subfield>
      <subfield code="j">1284 BRV</subfield>
      <subfield code="U">Available</subfield>
      <subfield code="W">Oct 26, 2019</subfield>
      <subfield code="y">BRV461</subfield>
      <subfield code="Z">Împrumut la Sala</subfield>
    </datafield>
  </record>