
  <record>
    <leader>00000nam a2200000 a 4500</leader>
    <controlfield tag="001">BJSB444423</controlfield>
    <controlfield tag="008">191026s1825####xx#||||||||||||||#||####u</controlfield>
    <datafield tag="050" ind1=" " ind2=" ">
      <subfield code="a">094.1(498); 264-1</subfield>
    </datafield>
    <datafield tag="245" ind1="0" ind2="0">
      <subfield code="a">Octoih înpreună cu slujbele sfinţilor de obşte aşezat după rânduiala besericii răsăritului sub stăpânirea prea înălţatului înpărat al Austriei, craiul apostolicesc, marele prinţ al Ardealului şi celelalte Francisc I cu binecuvântarea Exselenţii sale Prea luminatului şi Prea osfinţitului domn domn Ioann Bobb vlădicul Făgăraşului şi a toatei ţări a Ardealului, precum şi a prea înălţatei cesaro crăeştii şi apostoliceştii măriri consiliariu dinlontru, şi a prea măritului order al Înpăratului Leopold comendator</subfield>
      <subfield code="c">Editor Ioan Bob</subfield>
      <subfield code="h">[Carte tipărită]</subfield>
    </datafield>
    <datafield tag="260" ind1=" " ind2=" ">
      <subfield code="a"/>
      <subfield code="b">Tipografia Seminarului Blaj</subfield>
      <subfield code="c">1825</subfield>
    </datafield>
    <datafield tag="300" ind1=" " ind2=" ">
      <subfield code="a">[1] f., 434 p., 239 p., [2] p.</subfield>
    </datafield>
    <datafield tag="500" ind1=" " ind2=" ">
      <subfield code="a">Legătura: coperţi din lemn  învelite în piele. Însemnări: coperta 2: Acest octoih mare sa legat nou pe spesele vaduvei Maria Arcălean - pentru ertarea păcatelor soţului ei Ioan Arcălean fost [...] primar, repausat în anul 1909. Bileag la 21 Februar 1910 (unamienouasutezece). Bungardean Aurel. Gavril Hordoan înv. şi cantor; foaia de titlu: [...] Arhangelu 187; Bilak; p. 103: Gavril Hordoan (?) cantor înv. din an 1895; p. 125: Condratu [...]; p. 9 Gavril Hordoan (?) cantor înv. din 1895; p. 209: Vinerea Mare cuvioasa Paraschiva; p. 239: Condrat Şomfălean Învet. şi cant. [...] din an 1874 pînă în anu 1889 şi anii următori până în 1895; coperta 3: Condrat Şomfelean învăţător penzionat iarăş am luat seviţiu cantoral în locul învăţătoriului Ioan Tilion în anii 1919 şi 1920. Observaţii: pe coperta 3 anexat un bilet cu următorul text: Octoih, Blaj, 1825 Anticariat Sibiu Lei 313. (1242 BRV)</subfield>
    </datafield>
    <datafield tag="650" ind1=" " ind2=" ">
      <subfield code="a">carte românească veche</subfield>
    </datafield>
    <datafield tag="650" ind1=" " ind2=" ">
      <subfield code="a">octoih</subfield>
    </datafield>
    <datafield tag="650" ind1=" " ind2=" ">
      <subfield code="a">teologie</subfield>
    </datafield>
    <datafield tag="856" ind1=" " ind2=" ">
      <subfield code="u">http://www.dspace.bjastrasibiu.ro/bitstream/123456789/9510/1/BJA_CS_000180_CRV_0001-0680.pdf</subfield>
    </datafield>
    <datafield tag="995" ind1=" " ind2=" ">
      <subfield code="a">Colecţii Speciale - BRV</subfield>
      <subfield code="D">0.01</subfield>
      <subfield code="e">BRV340</subfield>
      <subfield code="F">Sediul_Central_A</subfield>
      <subfield code="j">1242 BRV</subfield>
      <subfield code="U">Available</subfield>
      <subfield code="W">Oct 26, 2019</subfield>
      <subfield code="y">BRV340</subfield>
      <subfield code="Z">Împrumut la Sala</subfield>
    </datafield>
  </record>