
  <record>
    <leader>00000nam a2200000 a 4500</leader>
    <controlfield tag="001">BJSB444421</controlfield>
    <controlfield tag="008">191026s1825####|||||||||||||||||#||####u</controlfield>
    <datafield tag="050" ind1=" " ind2=" ">
      <subfield code="a">094.1(498); 81-112; 81'373</subfield>
    </datafield>
    <datafield tag="245" ind1="0" ind2="0">
      <subfield code="a">Lesicon roma’nescu - la’tinescu - ungurescu - nemţescu quare de mai mulţi autori, in cursul’ a triedeci, şi mai multoru ani s’au lucratu seu lexicon valachico - latino - hungarico - germanicum quod a pluribus auctoribus decursu triginta et amplius annorum elaboratum est</subfield>
      <subfield code="h">[Carte tipărită]</subfield>
    </datafield>
    <datafield tag="250" ind1=" " ind2=" ">
      <subfield code="a">Ed. I</subfield>
    </datafield>
    <datafield tag="260" ind1=" " ind2=" ">
      <subfield code="a">Buda</subfield>
      <subfield code="b">Crăiasca Tipografie a Universității Ungurești</subfield>
      <subfield code="c">1825</subfield>
    </datafield>
    <datafield tag="300" ind1=" " ind2=" ">
      <subfield code="a">8 p., VIII p., 103 p., 771 p.</subfield>
    </datafield>
    <datafield tag="500" ind1=" " ind2=" ">
      <subfield code="a">Greşeli de paginaţie: p. 102 e numerotată 190, (prima parte), (nemenţionată de BRV). Legătura: din carton recent marmorat. Observaţii: ştampilă de formă dreptunghiulară cu textul: Biblioteca „Astrei” (Asociaţiunea pentru lit. rom. şi cultura poporului român). Centrala Sibiu Nr. 764 pe foaia de titlu, p. 3; ştampilă ovală cu textul: Biblioteca Academiei Române pe foaia de titlu, p. 771; ştampilă dreptunghiulară cu textul: „B.A.R. Dublet dat”, pe foaia de titlu, p. 3;  ştampilă ovală cu textul: Biblioteca Centrală a „Asociaţiunii” Sibiiu pe foaia de titlu, p. 25, 99, 139, 247, 277, 307, 391, 449, 501, 611, 741, 771; p. 5-7, 54-102 limba română pe două coloane cu caratere latine şi chirilice. (1240 BRV)</subfield>
    </datafield>
    <datafield tag="650" ind1=" " ind2=" ">
      <subfield code="a">lexicon german</subfield>
    </datafield>
    <datafield tag="650" ind1=" " ind2=" ">
      <subfield code="a">lexicon maghiar</subfield>
    </datafield>
    <datafield tag="650" ind1=" " ind2=" ">
      <subfield code="a">carte românească veche</subfield>
    </datafield>
    <datafield tag="650" ind1=" " ind2=" ">
      <subfield code="a">lingvistică</subfield>
    </datafield>
    <datafield tag="650" ind1=" " ind2=" ">
      <subfield code="a">lexicon românesc</subfield>
    </datafield>
    <datafield tag="650" ind1=" " ind2=" ">
      <subfield code="a">lexicon</subfield>
    </datafield>
    <datafield tag="856" ind1=" " ind2=" ">
      <subfield code="u">http://www.dspace.bjastrasibiu.ro/bitstream/123456789/9494/1/BJA_CS_000188_CRV_0001-0898.pdf</subfield>
    </datafield>
    <datafield tag="995" ind1=" " ind2=" ">
      <subfield code="a">Colecţii Speciale - BRV</subfield>
      <subfield code="D">0.01</subfield>
      <subfield code="e">BRV188</subfield>
      <subfield code="F">Sediul_Central_A</subfield>
      <subfield code="j">1240 BRV</subfield>
      <subfield code="U">Available</subfield>
      <subfield code="W">Oct 26, 2019</subfield>
      <subfield code="y">BRV188</subfield>
      <subfield code="Z">Împrumut la Sala</subfield>
    </datafield>
  </record>