
  <record>
    <leader>00000nam a2200000 a 4500</leader>
    <controlfield tag="001">BJSB444420</controlfield>
    <controlfield tag="008">191026s1825####|||||||||||||||||#||####u</controlfield>
    <datafield tag="050" ind1=" " ind2=" ">
      <subfield code="a">094.1(498); 94(498.3)</subfield>
    </datafield>
    <datafield tag="100" ind1=" " ind2=" ">
      <subfield code="a">Cantemir, Dimitrie</subfield>
    </datafield>
    <datafield tag="245" ind1="1" ind2="0">
      <subfield code="a">Scrisoarea Moldovei de Dimitrie Cantemir domnul ei. Care acum întâiu sau tipărit în zilele bine credinciosului şi de Hs iubitoriului domnului nostru Ioann Sandul Sturza voevod cu blagoslovenia prea osfinţitului arhiepiscop şi mitropolit chirio chirio Veniamin a Mol: pe vremea prea cuviosului stareţ al sfintelor monastiri Neamţului şi Secului. Chir Dometian</subfield>
      <subfield code="c">Dimitrie Cantemir; editor: Veniamin, Arhiepiscop și Mitropolit al Moldovei</subfield>
      <subfield code="h">[Carte tipărită]</subfield>
    </datafield>
    <datafield tag="250" ind1=" " ind2=" ">
      <subfield code="a">Ed. 1</subfield>
    </datafield>
    <datafield tag="260" ind1=" " ind2=" ">
      <subfield code="a">Mânăstirea Neamț</subfield>
      <subfield code="b">Tipografia Mânăstirii Neamț</subfield>
      <subfield code="c">1825</subfield>
    </datafield>
    <datafield tag="300" ind1=" " ind2=" ">
      <subfield code="a">[4], 344 p. ; 19 cm</subfield>
    </datafield>
    <datafield tag="500" ind1=" " ind2=" ">
      <subfield code="a">Greşeli de numerotare: p. 32 e numerotată 33; p. 339 e numerotată 340. Legătura: carton recent din piele de culoare neagră. Însemnări: foaia de titlu: Biblioteca pictorului Constantin D. Stahi. Iaşi, 1880. Observaţii: donaţie Andrei Oţetea. (1234 BRV)</subfield>
    </datafield>
    <datafield tag="650" ind1=" " ind2=" ">
      <subfield code="a">istoria Moldovei</subfield>
    </datafield>
    <datafield tag="650" ind1=" " ind2=" ">
      <subfield code="a">istoria României</subfield>
    </datafield>
    <datafield tag="650" ind1=" " ind2=" ">
      <subfield code="a">carte românească veche</subfield>
    </datafield>
    <datafield tag="856" ind1=" " ind2=" ">
      <subfield code="u">http://www.dspace.bjastrasibiu.ro/bitstream/123456789/9492/1/BJA_CS_000486_CRV_0001-0358.pdf</subfield>
    </datafield>
    <datafield tag="995" ind1=" " ind2=" ">
      <subfield code="a">Colecţii Speciale - BRV</subfield>
      <subfield code="D">0.01</subfield>
      <subfield code="e">BRV486</subfield>
      <subfield code="F">Sediul_Central_A</subfield>
      <subfield code="j">1234 BRV</subfield>
      <subfield code="U">Available</subfield>
      <subfield code="W">Oct 26, 2019</subfield>
      <subfield code="y">BRV486</subfield>
      <subfield code="Z">Împrumut la Sala</subfield>
    </datafield>
  </record>