
  <record>
    <leader>00000nam a2200000 a 4500</leader>
    <controlfield tag="001">BJSB444418</controlfield>
    <controlfield tag="008">191026s1823####|||||||||||||||||#||####u</controlfield>
    <datafield tag="050" ind1=" " ind2=" ">
      <subfield code="a">094.1(498); 638.14</subfield>
    </datafield>
    <datafield tag="245" ind1="0" ind2="0">
      <subfield code="a">Cultura albinelor, sau învăţătură despre ţinerea stupilor în magaţinuri pentru toate părţile, după care, dela 25 de matce bune, întru un timp de mijloc, bun pentru albini, o sută; iară întru unul bun şi mănos de miare, două sute de florinţi, în bani de convenţie se poate căpăta, şi toate matcele iarăşi întregi şi în bună stare rămânea</subfield>
      <subfield code="c">Trad. Ioan Tomici</subfield>
      <subfield code="h">[Carte tipărită]</subfield>
    </datafield>
    <datafield tag="250" ind1=" " ind2=" ">
      <subfield code="a">Ed. I</subfield>
    </datafield>
    <datafield tag="260" ind1=" " ind2=" ">
      <subfield code="a">Buda</subfield>
      <subfield code="b">Crăiasca Universitate din Pesta</subfield>
      <subfield code="c">1823</subfield>
    </datafield>
    <datafield tag="300" ind1=" " ind2=" ">
      <subfield code="a">180 p., [2] f. : il. ; 20 cm</subfield>
    </datafield>
    <datafield tag="500" ind1=" " ind2=" ">
      <subfield code="a">Greşeli de paginaţie: p. 94 este numerotată 56. Legătura: din carton recent marmorat; pe cotor apar numele autorului precum şi titlul celor două cărţi. Observaţii: la începutul cărţii anexată o litografie înfăţişându-l pe Ioan Tomici cu următorul text: „Ioann Tomici. Protopresbiteru Caransebeşului a Cinstitului Consistorium din Verşeţ şi a Tabeli de Judeţ a Măritului Comitat a Braşovii Assesor. Lith. Bey Jos Szakmárey in Ofen”; litografia nu este amintită în BRV; cartea este colligat cu tipăritura Cultura bombiţelor, Buda, 1823; ștampilă de formă dreptunghiulară cu textul: Biblioteca „Astrei” (Asociaţiunea pentru lit. rom. şi cultura poporului român). Centrala Sibiiu. Nr. 7004 pe p. III; ştampilă ovală cu textul: Biblioteca Centrală a „Asociaţiunii” Sibiiu pe gravură, p. 33, 97, anexa de la sfârşitul cărţii. (1191 BRV)</subfield>
    </datafield>
    <datafield tag="650" ind1=" " ind2=" ">
      <subfield code="a">carte românească veche</subfield>
    </datafield>
    <datafield tag="650" ind1=" " ind2=" ">
      <subfield code="a">apicultură</subfield>
    </datafield>
    <datafield tag="856" ind1=" " ind2=" ">
      <subfield code="u">http://www.dspace.bjastrasibiu.ro/bitstream/123456789/10336/1/BJA_CS_000182_CRV_0001-0189.pdf</subfield>
    </datafield>
    <datafield tag="995" ind1=" " ind2=" ">
      <subfield code="a">Colecţii Speciale - BRV</subfield>
      <subfield code="D">0.01</subfield>
      <subfield code="e">BRV182</subfield>
      <subfield code="F">Sediul_Central_A</subfield>
      <subfield code="j">1191 BRV</subfield>
      <subfield code="U">Available</subfield>
      <subfield code="W">Oct 26, 2019</subfield>
      <subfield code="y">BRV182</subfield>
      <subfield code="Z">Împrumut la Sala</subfield>
    </datafield>
  </record>