
  <record>
    <leader>00000nam a2200000 a 4500</leader>
    <controlfield tag="001">BJSB444417</controlfield>
    <controlfield tag="008">191026s1823####xx#||||||||||||||#||####u</controlfield>
    <datafield tag="050" ind1=" " ind2=" ">
      <subfield code="a">094.1(498); 81'374.822</subfield>
    </datafield>
    <datafield tag="245" ind1="0" ind2="0">
      <subfield code="a">Deutsch = Wallachische Sprachlehre berfasset von Johann Molnar v. Müllersheim. vormahligen k. landes augenarzt im gross. Fürstenthum Siebenbürgen, und öffentlichen lehrer der augenkankheiten an der Universität zu Clausenburg.</subfield>
      <subfield code="c">Ioan Piuariu Molnar</subfield>
      <subfield code="h">[Carte tipărită]</subfield>
    </datafield>
    <datafield tag="250" ind1=" " ind2=" ">
      <subfield code="a">Ed. a 3-a</subfield>
    </datafield>
    <datafield tag="260" ind1=" " ind2=" ">
      <subfield code="a"/>
      <subfield code="b">Tipografia Martin Hochmeister</subfield>
      <subfield code="c">1823</subfield>
    </datafield>
    <datafield tag="300" ind1=" " ind2=" ">
      <subfield code="a">[4] f., 413 p., [84] f.</subfield>
    </datafield>
    <datafield tag="500" ind1=" " ind2=" ">
      <subfield code="a">Greşeli de paginaţie: p. 130 e numerotată 230; p. 131 e numerotată 231; p. 165 e numerotată 651; p. 179 e numerotată 176; p. 280 e numerotată 290 - numerotarea continuând greşit; p. 362 e numerotată 392. Legătura: din carton recent marmorat; pe cotor apar autorul şi titlul cărţii. Însemnări: numeroase însemnări marginale. Observaţii: pe foaia de titlu şi pe p. 400 ştampilă rotundă cu următorul text: Biblioteca Şcoalei Normale Andreiu Şaguna Sibiu. (1186 BRV)</subfield>
    </datafield>
    <datafield tag="650" ind1=" " ind2=" ">
      <subfield code="a">dicţionar german-român</subfield>
    </datafield>
    <datafield tag="650" ind1=" " ind2=" ">
      <subfield code="a">carte românească veche</subfield>
    </datafield>
    <datafield tag="650" ind1=" " ind2=" ">
      <subfield code="a">lingvistică</subfield>
    </datafield>
    <datafield tag="650" ind1=" " ind2=" ">
      <subfield code="a">dicţionar</subfield>
    </datafield>
    <datafield tag="856" ind1=" " ind2=" ">
      <subfield code="u">http://www.dspace.bjastrasibiu.ro/bitstream/123456789/9500/1/BJA_CS_000181_CRV_0001-500.pdf</subfield>
    </datafield>
    <datafield tag="995" ind1=" " ind2=" ">
      <subfield code="a">Colecţii Speciale - BRV</subfield>
      <subfield code="D">0.01</subfield>
      <subfield code="e">BRV181</subfield>
      <subfield code="F">Sediul_Central_A</subfield>
      <subfield code="j">1186 BRV</subfield>
      <subfield code="U">Available</subfield>
      <subfield code="W">Oct 26, 2019</subfield>
      <subfield code="y">BRV181</subfield>
      <subfield code="Z">Împrumut la Sala</subfield>
    </datafield>
  </record>