
  <record>
    <leader>00000nam a2200000 a 4500</leader>
    <controlfield tag="001">BJSB444416</controlfield>
    <controlfield tag="008">191026s1823####|||||||||||||||||#||####u</controlfield>
    <datafield tag="050" ind1=" " ind2=" ">
      <subfield code="a">223.2; 094.1(498); 264-19</subfield>
    </datafield>
    <datafield tag="245" ind1="0" ind2="0">
      <subfield code="a">Irmologhion sau catavasieriu musicesc care cuprinde în sine catavasiile praznicilor înpărăteşti, şi ale Născătoarei de Dumnezeu, ale triodului, şi ale penticostariului, pre cum să cântă în sfânta lui Hs Dumnezeu beserica cea mare acum întâiaşi dată tipărită în zilele prea luminatului, şi prea înălţatului nostru domn Ioann Sandul Sturza Voevod întru întâiul an al domniei sale cu voia şi blagoslovenia prea o sfinţiei sale părintelui Arhiepiscop şi Mitropolit al Moldaviei chirio chir Veniamin.</subfield>
      <subfield code="c">Editor Veniamin Arhiepiscop și Mitropolit al Moldovei ; trad. de Macarie ieromonah.</subfield>
      <subfield code="h">[Carte tipărită]</subfield>
    </datafield>
    <datafield tag="250" ind1=" " ind2=" ">
      <subfield code="a">Ed. I</subfield>
    </datafield>
    <datafield tag="260" ind1=" " ind2=" ">
      <subfield code="a">București</subfield>
      <subfield code="c">1823</subfield>
    </datafield>
    <datafield tag="300" ind1=" " ind2=" ">
      <subfield code="a">XXIV p., 220 p.</subfield>
    </datafield>
    <datafield tag="500" ind1=" " ind2=" ">
      <subfield code="a">Legătura: carton recent marmorat, cotorul legat în piele de culoare vişinie; pe cotor apare titlul cărţii. Însemnări: pe pagina de titlu: Atanasie Georgie; p. III: Biblioteca pictorului Constantin D. Stahi, 1886, Iaşi; p. XIV: A lui Visarion Ieromonah. (1184 BRV)</subfield>
    </datafield>
    <datafield tag="856" ind1=" " ind2=" ">
      <subfield code="u">http://www.dspace.bjastrasibiu.ro/bitstream/123456789/9493/1/BJA_CS_000481_CRV_0001-0234.pdf</subfield>
    </datafield>
    <datafield tag="995" ind1=" " ind2=" ">
      <subfield code="a">Colecţii Speciale - BRV</subfield>
      <subfield code="D">0.01</subfield>
      <subfield code="e">BRV481</subfield>
      <subfield code="F">Sediul_Central_A</subfield>
      <subfield code="j">1184 BRV</subfield>
      <subfield code="U">Available</subfield>
      <subfield code="W">Oct 26, 2019</subfield>
      <subfield code="y">BRV481</subfield>
      <subfield code="Z">Împrumut la Sala</subfield>
    </datafield>
  </record>