
  <record>
    <leader>00000nam a2200000 a 4500</leader>
    <controlfield tag="001">BJSB444415</controlfield>
    <controlfield tag="008">191026s1823####|||||||||||||||||#||####u</controlfield>
    <datafield tag="050" ind1=" " ind2=" ">
      <subfield code="a">811.135.1'36; 091.1(498)</subfield>
    </datafield>
    <datafield tag="245" ind1="0" ind2="0">
      <subfield code="a">Kleines walachisch = deutsch und deutsch = walachische wörterbüch berfasst von Andreas Clemens evangelischen pfarrer in brenndorf den Kronstadt in Siebenbürgen</subfield>
      <subfield code="c">Andreas Clemens</subfield>
      <subfield code="h">[Carte tipărită]</subfield>
    </datafield>
    <datafield tag="250" ind1=" " ind2=" ">
      <subfield code="a">Ed. I</subfield>
    </datafield>
    <datafield tag="260" ind1=" " ind2=" ">
      <subfield code="a">Buda</subfield>
      <subfield code="c">1823</subfield>
    </datafield>
    <datafield tag="300" ind1=" " ind2=" ">
      <subfield code="a">440 p.</subfield>
    </datafield>
    <datafield tag="500" ind1=" " ind2=" ">
      <subfield code="a">Greşeli de paginaţie:  p. 158 e numerotată 168, continuând greşit paginaţia. Legătura: din carton recent de culoare albastră. Observaţii: ştampilă de formă dreptunghiulară cu textul: Biblioteca „Astrei” (Asociaţiunea pentru lit. rom. şi cultura poporului român). Centrala Sibiiu. Nr. 1469 pe foaia de titlu; ştampilă ovală cu textul: Biblioteca Centrală a „Asociaţiunii” Sibiiu pe p. 55, 133, 195, 225, 275, 281, 321; filele sunt tăiate inegal. (1179 BRV)</subfield>
    </datafield>
    <datafield tag="650" ind1=" " ind2=" ">
      <subfield code="a">lingvistică</subfield>
    </datafield>
    <datafield tag="650" ind1=" " ind2=" ">
      <subfield code="a">dicţionar</subfield>
    </datafield>
    <datafield tag="650" ind1=" " ind2=" ">
      <subfield code="a">dicționar bilingv</subfield>
    </datafield>
    <datafield tag="650" ind1=" " ind2=" ">
      <subfield code="a">dicţionar german-român</subfield>
    </datafield>
    <datafield tag="856" ind1=" " ind2=" ">
      <subfield code="u">http://www.dspace.bjastrasibiu.ro/bitstream/123456789/3238/1/BJA_CS_000180_CRV_0001-0432.pdf</subfield>
    </datafield>
    <datafield tag="995" ind1=" " ind2=" ">
      <subfield code="a">Colecţii Speciale - BRV</subfield>
      <subfield code="D">0.01</subfield>
      <subfield code="e">BRV180</subfield>
      <subfield code="F">Sediul_Central_A</subfield>
      <subfield code="j">1179 BRV</subfield>
      <subfield code="U">Available</subfield>
      <subfield code="W">Oct 26, 2019</subfield>
      <subfield code="y">BRV180</subfield>
      <subfield code="Z">Împrumut la Sala</subfield>
    </datafield>
  </record>