
  <record>
    <leader>00000nam a2200000 a 4500</leader>
    <controlfield tag="001">BJSB444414</controlfield>
    <controlfield tag="008">191026s1823####|||||||||||||||||#||####u</controlfield>
    <datafield tag="050" ind1=" " ind2=" ">
      <subfield code="a">81'374.822; 091.1(498)</subfield>
    </datafield>
    <datafield tag="245" ind1="0" ind2="0">
      <subfield code="a">Walachische sprachlehre für deutsche, nebst einem kleinen walachisch = deutsch und deutsch = walachischen wörterbüche berfast von Andreas Clemens evangelischen pfarer in brendorf ben Kronstadt in Siebenbürgen</subfield>
      <subfield code="c">Andreas Clemens</subfield>
      <subfield code="h">[Carte tipărită]</subfield>
    </datafield>
    <datafield tag="250" ind1=" " ind2=" ">
      <subfield code="a">Ed. I</subfield>
    </datafield>
    <datafield tag="260" ind1=" " ind2=" ">
      <subfield code="a">Viena</subfield>
      <subfield code="c">1823</subfield>
    </datafield>
    <datafield tag="300" ind1=" " ind2=" ">
      <subfield code="a">xx p., 330 p. : il. ; 20 cm</subfield>
    </datafield>
    <datafield tag="500" ind1=" " ind2=" ">
      <subfield code="a">Greşeli de paginaţie: p. 189 e numerotată 151; p. 227 e numerotată 237; p. 323 e numerotată 223. Legătura: din carton recent marmorat; cotorul legat în pânză de culoare neagră. Observaţii: ştampilă de formă dreptunghiulară cu textul: Biblioteca „Astrei” (Asociaţiunea pentru lit. rom. şi cultura poporului român). Centrala Sibiiu. Nr. 1316 pe foaia de titlu; ştampilă ovală cu textul: Biblioteca Centrală a „Asociaţiunii” Sibiiu pe p. IX, 23, 35, 49, 53, 69, 71, 87, 99, 103, 107, 121, 135, 147, 157, 161, 171, 179, 183, 193, 203, 205, 225, 247, 295, 303, 317. (1178 BRV)</subfield>
    </datafield>
    <datafield tag="650" ind1=" " ind2=" ">
      <subfield code="a">dicţionar german-român</subfield>
    </datafield>
    <datafield tag="650" ind1=" " ind2=" ">
      <subfield code="a">lingvistică</subfield>
    </datafield>
    <datafield tag="856" ind1=" " ind2=" ">
      <subfield code="u">http://www.dspace.bjastrasibiu.ro/bitstream/123456789/5032/1/BJA_CS_000179_CRV_0001-0350.pdf</subfield>
    </datafield>
    <datafield tag="995" ind1=" " ind2=" ">
      <subfield code="a">Colecţii Speciale - BRV</subfield>
      <subfield code="D">0.01</subfield>
      <subfield code="e">BRV179</subfield>
      <subfield code="F">Sediul_Central_A</subfield>
      <subfield code="j">1178 BRV</subfield>
      <subfield code="U">Available</subfield>
      <subfield code="W">Oct 26, 2019</subfield>
      <subfield code="y">BRV179</subfield>
      <subfield code="Z">Împrumut la Sala</subfield>
    </datafield>
  </record>