
  <record>
    <leader>00000nam a2200000 a 4500</leader>
    <controlfield tag="001">BJSB444413</controlfield>
    <controlfield tag="008">191026s1822####|||||||||||||||||#||####u</controlfield>
    <datafield tag="050" ind1=" " ind2=" ">
      <subfield code="a">811.135.1'36; 091.1(498)</subfield>
    </datafield>
    <datafield tag="245" ind1="0" ind2="0">
      <subfield code="a">Gramatica românească pentru îndreptarea tinerilor acum întâia oară lucrată prin Constantin Diaconovici Loga, al şcolelor preparande româneşti din Arad profesor</subfield>
      <subfield code="c">Constantin Diaconovici Loga</subfield>
      <subfield code="h">[Carte tipărită]</subfield>
    </datafield>
    <datafield tag="250" ind1=" " ind2=" ">
      <subfield code="a">Ed. I</subfield>
    </datafield>
    <datafield tag="260" ind1=" " ind2=" ">
      <subfield code="a">Buda</subfield>
      <subfield code="c">1822</subfield>
    </datafield>
    <datafield tag="300" ind1=" " ind2=" ">
      <subfield code="a">[8] f., XVI p., 206 p., [5] f. ; 20 cm</subfield>
    </datafield>
    <datafield tag="500" ind1=" " ind2=" ">
      <subfield code="a">Greşeli de paginaţie: p. 13 este numerotată 3; p. 128 e numerotată 228. Legătura: coperţi noi din lemn peste care a fost lipit carton marmorat. Însemnări: coperta 2: încercări de condei; pe foaia de titlu: Onisifor Ghibu (?) stud. teol. [...]; coperta 3: Ioann. Ioannis. Ștampilă de formă dreptunghiulară cu textul: Biblioteca „Astrei” (Asociaţiunea pentru lit. rom. şi cultura poporului român). Centrala Sibiiu. Nr. 15115 pe fila 2 nenumerotată de la începutul cărţii; ştampilă ovală cu textul: Biblioteca Centrală a „Asociaţiunii” Sibiiu pe foaia de titlu, p. 101, fila 1 v de la sfârşitul cărţii. (1155 BRV)</subfield>
    </datafield>
    <datafield tag="650" ind1=" " ind2=" ">
      <subfield code="a">gramatică</subfield>
    </datafield>
    <datafield tag="650" ind1=" " ind2=" ">
      <subfield code="a">carte românească veche</subfield>
    </datafield>
    <datafield tag="650" ind1=" " ind2=" ">
      <subfield code="a">lingvistică</subfield>
    </datafield>
    <datafield tag="856" ind1=" " ind2=" ">
      <subfield code="u">http://www.dspace.bjastrasibiu.ro/bitstream/123456789/10365/1/BJA_CS_000176_CRV_0001-0248.pdf</subfield>
    </datafield>
    <datafield tag="995" ind1=" " ind2=" ">
      <subfield code="a">Colecţii Speciale - BRV</subfield>
      <subfield code="D">0.01</subfield>
      <subfield code="e">BRV176</subfield>
      <subfield code="F">Sediul_Central_A</subfield>
      <subfield code="j">1155 BRV</subfield>
      <subfield code="U">Available</subfield>
      <subfield code="W">Oct 26, 2019</subfield>
      <subfield code="y">BRV176</subfield>
      <subfield code="Z">Împrumut la Sala</subfield>
    </datafield>
  </record>