
  <record>
    <leader>00000nam a2200000 a 4500</leader>
    <controlfield tag="001">BJSB444412</controlfield>
    <controlfield tag="008">191026s1821####|||||||||||||||||#||####u</controlfield>
    <datafield tag="050" ind1=" " ind2=" ">
      <subfield code="a">613.2; 628.1.036.4</subfield>
    </datafield>
    <datafield tag="245" ind1="0" ind2="0">
      <subfield code="a">Despre apele minerale dela Arpătac, Bodoc, şi Covasna şi despre întrebuinţarea aceloraşi în deschilinite patimi. Scrisă pentru binele comun prin Vasilie Popp a frumoaselor învăţături a filosofiei şi a medicei doftor. </subfield>
      <subfield code="c">Vasilie Popp</subfield>
      <subfield code="h">[Carte tipărită]</subfield>
    </datafield>
    <datafield tag="250" ind1=" " ind2=" ">
      <subfield code="a">Ed. I</subfield>
    </datafield>
    <datafield tag="260" ind1=" " ind2=" ">
      <subfield code="a">Sibiu</subfield>
      <subfield code="c">1821</subfield>
    </datafield>
    <datafield tag="300" ind1=" " ind2=" ">
      <subfield code="a">[2] f., 36 p. ; 20 cm</subfield>
    </datafield>
    <datafield tag="500" ind1=" " ind2=" ">
      <subfield code="a">Însemnări: foaia de titlu: G. Bariţiu; însemnări marginale pe mai multe file; p. 36: ştampilă cu textul: Asociaţiunea pentru literatura  română şi cultura poporului român. Astra - Sibiu No. 1474 Anul 1947 luna V ziua 26; p. 11: ştampilă ovală cu textul: Biblioteca Centrală a Asociaţiunii Sibiiu; provine din Fondul Astra.</subfield>
    </datafield>
    <datafield tag="650" ind1=" " ind2=" ">
      <subfield code="a">alimentaţie</subfield>
    </datafield>
    <datafield tag="856" ind1=" " ind2=" ">
      <subfield code="u">http://www.dspace.bjastrasibiu.ro/bitstream/123456789/10477/1/BJA_CS_000393_BRV_0001-0043.pdf</subfield>
    </datafield>
    <datafield tag="995" ind1=" " ind2=" ">
      <subfield code="a">Colecţii Speciale - BRV</subfield>
      <subfield code="D">0.01</subfield>
      <subfield code="e">BRV393</subfield>
      <subfield code="F">Sediul_Central_A</subfield>
      <subfield code="j">1126 BRV</subfield>
      <subfield code="U">Available</subfield>
      <subfield code="W">Oct 26, 2019</subfield>
      <subfield code="y">BRV393</subfield>
      <subfield code="Z">Împrumut la Sala</subfield>
    </datafield>
  </record>