
  <record>
    <leader>00000nam a2200000 a 4500</leader>
    <controlfield tag="001">BJSB443558</controlfield>
    <controlfield tag="008">191009s1828####|||||||||||||||||#||####u</controlfield>
    <datafield tag="050" ind1=" " ind2=" ">
      <subfield code="a">811.135.1'36; 091.1(498)</subfield>
    </datafield>
    <datafield tag="100" ind1=" " ind2=" ">
      <subfield code="a">Eliad, D. I.</subfield>
    </datafield>
    <datafield tag="245" ind1="1" ind2="0">
      <subfield code="a">Gramatică românească</subfield>
      <subfield code="c">De D. I. Eliad dată la tipar cu cheltuiala D. Coconul Scarlat Roset</subfield>
      <subfield code="h">[Carte tipărită]</subfield>
    </datafield>
    <datafield tag="260" ind1=" " ind2=" ">
      <subfield code="a">Sibiu</subfield>
      <subfield code="c">1828</subfield>
    </datafield>
    <datafield tag="300" ind1=" " ind2=" ">
      <subfield code="a">XXXIV p., 166 p., [1] f. ; 18 cm</subfield>
    </datafield>
    <datafield tag="500" ind1=" " ind2=" ">
      <subfield code="a">Legătura din carton recent marmorat. Pe pagina 96 se află o ștampilă dreptunghiulară cu textul: Asociațiunea pentru Literatura Română și Cultura Poporului Rom. Astra - Sibiiu No. 1474. Anul 1947, luna V, ziua 26.</subfield>
    </datafield>
    <datafield tag="650" ind1=" " ind2=" ">
      <subfield code="a">gramatică</subfield>
    </datafield>
    <datafield tag="650" ind1=" " ind2=" ">
      <subfield code="a">carte românească veche</subfield>
    </datafield>
    <datafield tag="650" ind1=" " ind2=" ">
      <subfield code="a">lingvistică</subfield>
    </datafield>
    <datafield tag="650" ind1=" " ind2=" ">
      <subfield code="a">limba română</subfield>
    </datafield>
    <datafield tag="856" ind1=" " ind2=" ">
      <subfield code="u">http://www.dspace.bjastrasibiu.ro/bitstream/123456789/10414/1/BJA_CS_000206_CRV_0001-0206.pdf</subfield>
    </datafield>
    <datafield tag="995" ind1=" " ind2=" ">
      <subfield code="a">Colecţii Speciale - BRV</subfield>
      <subfield code="D">0.01</subfield>
      <subfield code="e">BRV206</subfield>
      <subfield code="F">Sediul_Central_A</subfield>
      <subfield code="j">1366 BRV</subfield>
      <subfield code="U">Available</subfield>
      <subfield code="W">Oct 9, 2019</subfield>
      <subfield code="y">BRV206</subfield>
      <subfield code="Z">Împrumut la Sala</subfield>
    </datafield>
  </record>