
  <record>
    <leader>00000nam a2200000 a 4500</leader>
    <controlfield tag="001">BJSB443556</controlfield>
    <controlfield tag="008">191009s1819####|||||||||||||||||#||####u</controlfield>
    <datafield tag="050" ind1=" " ind2=" ">
      <subfield code="a">243; 264-1; 281.95; 094.1(498)</subfield>
    </datafield>
    <datafield tag="245" ind1="0" ind2="0">
      <subfield code="a">Acatist cu multe alese rugăciuni pentru evlavia fieştecăruia creştin cu blagoslovenia celor mai mari acum a doo oară. În Buda. Tipărit în Crăiasca Tipografie a Universităţii Ungureşti, la anul 1819.</subfield>
      <subfield code="h">[Carte tipărită]</subfield>
    </datafield>
    <datafield tag="250" ind1=" " ind2=" ">
      <subfield code="a">Ed. a 2-a</subfield>
    </datafield>
    <datafield tag="260" ind1=" " ind2=" ">
      <subfield code="a">Buda</subfield>
      <subfield code="b">Crăiasca Tipografie a Universității Ungurești</subfield>
      <subfield code="c">1819</subfield>
    </datafield>
    <datafield tag="300" ind1=" " ind2=" ">
      <subfield code="a">[3] f., 473 p. : il. ; 16 cm</subfield>
    </datafield>
    <datafield tag="500" ind1=" " ind2=" ">
      <subfield code="a">Text în limba română cu caractere chirilice. Legătura: coperți originale învelite în piele de culoare maronie, imprimate cu chenar cu motive vegetale; pe cotor se păstrează titlul: „Acatist”; paginile au custode pe dreapta. Observații: la începutul fiecărei rugăciuni - inițială ornată, de culoare roșie. Însemnări: fila [3]: textul cu cerneală neagră - „1849 noemvrie ziua 6 noaptea la 3 duazeci (?) [...] sau trecut din viață scumpu meu soț [...]”; fila de gardă de la sfârșitul cărții: text cu cerneală neagră - „Iacob preot”; încercări de condei.</subfield>
    </datafield>
    <datafield tag="650" ind1=" " ind2=" ">
      <subfield code="a">cărţi de rugăciuni</subfield>
    </datafield>
    <datafield tag="650" ind1=" " ind2=" ">
      <subfield code="a">religie</subfield>
    </datafield>
    <datafield tag="650" ind1=" " ind2=" ">
      <subfield code="a">teologie ortodoxă</subfield>
    </datafield>
    <datafield tag="650" ind1=" " ind2=" ">
      <subfield code="a">acatiste</subfield>
    </datafield>
    <datafield tag="856" ind1=" " ind2=" ">
      <subfield code="u">http://www.dspace.bjastrasibiu.ro/bitstream/123456789/9053/1/BJA_CS_000165_CRV_0001-0484.pdf</subfield>
    </datafield>
    <datafield tag="995" ind1=" " ind2=" ">
      <subfield code="a">Colecţii Speciale - BRV</subfield>
      <subfield code="D">0.01</subfield>
      <subfield code="e">BRV165</subfield>
      <subfield code="F">Sediul_Central_A</subfield>
      <subfield code="j">1026 BRV</subfield>
      <subfield code="U">Available</subfield>
      <subfield code="W">Oct 9, 2019</subfield>
      <subfield code="y">BRV165</subfield>
      <subfield code="Z">Împrumut la Sala</subfield>
    </datafield>
  </record>