
  <record>
    <leader>00000nam a2200000 a 4500</leader>
    <controlfield tag="001">BJSB293394</controlfield>
    <controlfield tag="008">090622s1778####|||||||||||||||||#||####u</controlfield>
    <datafield tag="050" ind1=" " ind2=" ">
      <subfield code="a">94(498.4); 094.1(498.4)</subfield>
    </datafield>
    <datafield tag="100" ind1=" " ind2=" ">
      <subfield code="a">Benkő József</subfield>
    </datafield>
    <datafield tag="245" ind1="1" ind2="0">
      <subfield code="a">Transsilvania sive Magnus Transsilvaniae Principatus olim Dacia Mediterranea dictus : orbi nondum satis cognitus nunc multifariam, at strictim illustratus. Pars prior sive generalis. Tom. II</subfield>
      <subfield code="c">Iosepho Benkö</subfield>
      <subfield code="h">[Carte tipărită]</subfield>
    </datafield>
    <datafield tag="260" ind1=" " ind2=" ">
      <subfield code="a">Vindobonae [Viena]</subfield>
      <subfield code="b">Typis Iosephi Nob. de Kurtzbök</subfield>
      <subfield code="c">1778</subfield>
    </datafield>
    <datafield tag="300" ind1=" " ind2=" ">
      <subfield code="a">[12] p., 638 p. ; 20 cm</subfield>
    </datafield>
    <datafield tag="350" ind1=" " ind2=" ">
      <subfield code="a">0.00</subfield>
    </datafield>
    <datafield tag="500" ind1=" " ind2=" ">
      <subfield code="a">Cuprinde index Greșeli de paginație: p. 313 e numerotată 213; p. 315 e numerotată 215; p. 455 e numerotată 385; p. 480 e numerotată 80; p. 598 e numerotată 698. Legătura: coperți de carton marmorat; pe cotor de păstrează  autorul și titlul cărții: Benkő. Transsilvania. 2”. Însemnări: pe recto-ul paginii de titlu: semnătură indescifrabilă Observații: pe recto-ul paginii de titlu și pe ultima pagină - ștampilă ovală cu textul: „Biblioteca Astra Sibiu”. </subfield>
    </datafield>
    <datafield tag="650" ind1=" " ind2=" ">
      <subfield code="a">istoria României</subfield>
    </datafield>
    <datafield tag="650" ind1=" " ind2=" ">
      <subfield code="a">Transilvanice</subfield>
    </datafield>
    <datafield tag="650" ind1=" " ind2=" ">
      <subfield code="a">istoria Transilvaniei</subfield>
    </datafield>
    <datafield tag="650" ind1=" " ind2=" ">
      <subfield code="a">Principatul Transilvaniei</subfield>
    </datafield>
    <datafield tag="650" ind1=" " ind2=" ">
      <subfield code="a">istorie</subfield>
    </datafield>
    <datafield tag="995" ind1=" " ind2=" ">
      <subfield code="a">Depozit Adulti A - Parter</subfield>
      <subfield code="D">0.01</subfield>
      <subfield code="e">004927</subfield>
      <subfield code="F">Sediul_Central_A</subfield>
      <subfield code="j">215433</subfield>
      <subfield code="U">Available</subfield>
      <subfield code="W">May 13, 2020</subfield>
      <subfield code="y">004927</subfield>
      <subfield code="Z">Împrumut la Sala</subfield>
    </datafield>
    <datafield tag="995" ind1=" " ind2=" ">
      <subfield code="a">Colecţii Speciale - Transilvanice</subfield>
      <subfield code="D">200.00</subfield>
      <subfield code="e">T00262</subfield>
      <subfield code="F">Sediul_Central_A</subfield>
      <subfield code="H">1</subfield>
      <subfield code="I">0.00</subfield>
      <subfield code="j">109 T1</subfield>
      <subfield code="U">Available</subfield>
      <subfield code="W">Jun 22, 2009</subfield>
      <subfield code="X">Ionaş Maria</subfield>
      <subfield code="y">T00262</subfield>
      <subfield code="Z">Împrumut la Sala</subfield>
    </datafield>
  </record>