
  <record>
    <leader>00000nam a2200000 a 4500</leader>
    <controlfield tag="001">BJSB293199</controlfield>
    <controlfield tag="008">090617s1771####|||||||||||||||||#||####u</controlfield>
    <datafield tag="050" ind1=" " ind2=" ">
      <subfield code="a">821.124'02-1(082)=112.2</subfield>
    </datafield>
    <datafield tag="245" ind1="0" ind2="0">
      <subfield code="a">Fragmente unbekannter Schriftsteller aus dem Alterthume</subfield>
      <subfield code="h">[Carte tipărită]</subfield>
    </datafield>
    <datafield tag="260" ind1=" " ind2=" ">
      <subfield code="a">Temeswar</subfield>
      <subfield code="b">Gedruckt und Verlegt bey Marthäus Josephus Heimerl</subfield>
      <subfield code="c">1771</subfield>
    </datafield>
    <datafield tag="300" ind1=" " ind2=" ">
      <subfield code="a">175 p. ; 18 cm</subfield>
    </datafield>
    <datafield tag="350" ind1=" " ind2=" ">
      <subfield code="a">0.00</subfield>
    </datafield>
    <datafield tag="650" ind1=" " ind2=" ">
      <subfield code="a">poeme</subfield>
    </datafield>
    <datafield tag="650" ind1=" " ind2=" ">
      <subfield code="a">literatura latină clasică</subfield>
    </datafield>
    <datafield tag="650" ind1=" " ind2=" ">
      <subfield code="a">literatură</subfield>
    </datafield>
    <datafield tag="650" ind1=" " ind2=" ">
      <subfield code="a">antologii</subfield>
    </datafield>
    <datafield tag="650" ind1=" " ind2=" ">
      <subfield code="a">versuri</subfield>
    </datafield>
    <datafield tag="995" ind1=" " ind2=" ">
      <subfield code="a">Colecţii Speciale - Transilvanice</subfield>
      <subfield code="D">0.01</subfield>
      <subfield code="e">T00253</subfield>
      <subfield code="F">Sediul_Central_A</subfield>
      <subfield code="H">1</subfield>
      <subfield code="I">0.00</subfield>
      <subfield code="j">110 T1</subfield>
      <subfield code="U">Available</subfield>
      <subfield code="W">Jun 17, 2009</subfield>
      <subfield code="X">Colegiul Naţional ''Gheorghe Lazăr'' Sibiu</subfield>
      <subfield code="y">T00253</subfield>
      <subfield code="Z">Împrumut la Sala</subfield>
    </datafield>
  </record>