
  <record>
    <leader>00000nam a2200000 a 4500</leader>
    <controlfield tag="001">BJSB293197</controlfield>
    <controlfield tag="008">090617s1792####|||||||||||||||||#||####u</controlfield>
    <datafield tag="050" ind1=" " ind2=" ">
      <subfield code="a">094.1(498); 94(498.4)</subfield>
    </datafield>
    <datafield tag="245" ind1="0" ind2="0">
      <subfield code="a">Kurze Geschichte der provinzial Bürgermeister von Hermannstadt in Siebenbürgen</subfield>
      <subfield code="h">[Carte tipărită]</subfield>
    </datafield>
    <datafield tag="260" ind1=" " ind2=" ">
      <subfield code="a">Hermannstadt</subfield>
      <subfield code="b">Martin Hochmeister</subfield>
      <subfield code="c">1792</subfield>
    </datafield>
    <datafield tag="300" ind1=" " ind2=" ">
      <subfield code="a">[4] f.; 160 p. ; 18 cm</subfield>
    </datafield>
    <datafield tag="350" ind1=" " ind2=" ">
      <subfield code="a">0.00</subfield>
    </datafield>
    <datafield tag="500" ind1=" " ind2=" ">
      <subfield code="a">Legătura: coperți din carton recent marmorat. Însemnări: coperta 2, I I 37; H. IX. 59.; C VI. 40; fila de titlu: II 1022; 1364.. Observații: fila de gardă, fila de titlu, ex libris cu textul: Ellamgymn. [...] konyvtar M. Szebenben; fila de gardă, p. 160, fila de gardă v, ștampilă ovală cu textul: Nagyszebeni tanari konyvtara M. Kir.allami fogymnasium; fila de gardă, ștampilă cu textul: Liceul Gh. Lazăr - Sibiu Biblioteca Profesorilor No. 1380/VIII.</subfield>
    </datafield>
    <datafield tag="650" ind1=" " ind2=" ">
      <subfield code="a">istoria Transilvaniei</subfield>
    </datafield>
    <datafield tag="650" ind1=" " ind2=" ">
      <subfield code="a">istorie</subfield>
    </datafield>
    <datafield tag="650" ind1=" " ind2=" ">
      <subfield code="a">Transilvanice</subfield>
    </datafield>
    <datafield tag="995" ind1=" " ind2=" ">
      <subfield code="a">Colecţii Speciale - Transilvanice</subfield>
      <subfield code="D">0.01</subfield>
      <subfield code="e">T00252</subfield>
      <subfield code="F">Sediul_Central_A</subfield>
      <subfield code="H">1</subfield>
      <subfield code="I">0.00</subfield>
      <subfield code="j">111 T1</subfield>
      <subfield code="U">Available</subfield>
      <subfield code="W">Jun 17, 2009</subfield>
      <subfield code="X">Colegiul Naţional ''Gheorghe Lazăr'' Sibiu</subfield>
      <subfield code="y">T00252</subfield>
      <subfield code="Z">Împrumut la Sala</subfield>
    </datafield>
  </record>