
  <record>
    <leader>00000nam a2200000 a 4500</leader>
    <controlfield tag="001">BJSB293211</controlfield>
    <controlfield tag="008">090617s1878####|||||||||||||||||#||####u</controlfield>
    <datafield tag="050" ind1=" " ind2=" ">
      <subfield code="a">008(498.4)(059); 008(498.4)(058)</subfield>
    </datafield>
    <datafield tag="245" ind1="0" ind2="0">
      <subfield code="a">Siebenbürgischer Volkskalender : für das Jahr 1878 : welches ein Gemeinjahr von 365 Tagen ist</subfield>
      <subfield code="h">[Carte tipărită]</subfield>
    </datafield>
    <datafield tag="260" ind1=" " ind2=" ">
      <subfield code="a">Hermannstadt</subfield>
      <subfield code="b">Druck und Verlag von Theodor Steinhaussen</subfield>
      <subfield code="c">1878</subfield>
    </datafield>
    <datafield tag="300" ind1=" " ind2=" ">
      <subfield code="a">79 p. ; 22 cm</subfield>
    </datafield>
    <datafield tag="350" ind1=" " ind2=" ">
      <subfield code="a">0.00</subfield>
    </datafield>
    <datafield tag="650" ind1=" " ind2=" ">
      <subfield code="a">calendare</subfield>
    </datafield>
    <datafield tag="650" ind1=" " ind2=" ">
      <subfield code="a">generalități</subfield>
    </datafield>
    <datafield tag="650" ind1=" " ind2=" ">
      <subfield code="a">anuare</subfield>
    </datafield>
    <datafield tag="995" ind1=" " ind2=" ">
      <subfield code="a">Colecţii Speciale - Transilvanice</subfield>
      <subfield code="D">0.01</subfield>
      <subfield code="e">T00258</subfield>
      <subfield code="F">Sediul_Central_A</subfield>
      <subfield code="H">1</subfield>
      <subfield code="I">0.00</subfield>
      <subfield code="j">25 T2</subfield>
      <subfield code="U">Available</subfield>
      <subfield code="W">Jun 17, 2009</subfield>
      <subfield code="X">Colegiul Naţional ''Gheorghe Lazăr'' Sibiu</subfield>
      <subfield code="y">T00258</subfield>
      <subfield code="Z">Împrumut la Sala</subfield>
    </datafield>
  </record>