
  <record>
    <leader>00000nam a2200000 a 4500</leader>
    <controlfield tag="001">BJSB292603</controlfield>
    <controlfield tag="008">090611s1800####|||||||||||||||||#||####u</controlfield>
    <datafield tag="050" ind1=" " ind2=" ">
      <subfield code="a">094.1(439); 019(439)</subfield>
    </datafield>
    <datafield tag="245" ind1="0" ind2="0">
      <subfield code="a">Index alter libros Bibliothecae Hungaricae Francisci Com. Széchényi duobus Tomis Comprehensos : in scientiarum ordines distributos exhibens</subfield>
      <subfield code="h">[Carte tipărită]</subfield>
    </datafield>
    <datafield tag="260" ind1=" " ind2=" ">
      <subfield code="a">Pesthini</subfield>
      <subfield code="b">Typis Trattnerianis</subfield>
      <subfield code="c">1800</subfield>
    </datafield>
    <datafield tag="300" ind1=" " ind2=" ">
      <subfield code="a">494 p. ; 22 cm</subfield>
    </datafield>
    <datafield tag="350" ind1=" " ind2=" ">
      <subfield code="a">0.00</subfield>
    </datafield>
    <datafield tag="500" ind1=" " ind2=" ">
      <subfield code="a">Legătura: coperți din carton de culoare albastră. Însemnări: fila de titlu: no 790. Observații: ștampilă cu textul: Liceul Gh. Lazăr - Sibiu Biblioteca Profesorilor No. 1937/XII; p. 1, 3, 494, coperta 3: ștampilă ovală cu textul: Nagyszebeni [...] konyvtar M. Kir. allami fogymnasium; fila de titlu, p. 494: ștampilă rotundă cu textul: M. Kir. Allami Fogymnasium Nagy-Szeben; filele cărții sunt tăiate inegal.</subfield>
    </datafield>
    <datafield tag="650" ind1=" " ind2=" ">
      <subfield code="a">bibliografii</subfield>
    </datafield>
    <datafield tag="650" ind1=" " ind2=" ">
      <subfield code="a">bibliografii tematice</subfield>
    </datafield>
    <datafield tag="650" ind1=" " ind2=" ">
      <subfield code="a">biblioteci</subfield>
    </datafield>
    <datafield tag="650" ind1=" " ind2=" ">
      <subfield code="a">generalități</subfield>
    </datafield>
    <datafield tag="856" ind1=" " ind2=" ">
      <subfield code="u">http://www.dspace.bjastrasibiu.ro/bitstream/123456789/10674/1/BJA_CS_005921_CSV_0001-0502.pdf</subfield>
    </datafield>
    <datafield tag="995" ind1=" " ind2=" ">
      <subfield code="a">Colecţii Speciale - CS</subfield>
      <subfield code="D">0.01</subfield>
      <subfield code="e">5921CVS</subfield>
      <subfield code="F">Sediul_Central_A</subfield>
      <subfield code="H">1</subfield>
      <subfield code="I">0.00</subfield>
      <subfield code="j">T1-919</subfield>
      <subfield code="U">Available</subfield>
      <subfield code="W">Jun 11, 2009</subfield>
      <subfield code="X">Colegiul Naţional ''Gheorghe Lazăr'' Sibiu</subfield>
      <subfield code="y">5921CVS</subfield>
      <subfield code="Z">Împrumut la Sala</subfield>
    </datafield>
  </record>