
  <record>
    <leader>00000nam a2200000 a 4500</leader>
    <controlfield tag="001">BJSB291110</controlfield>
    <controlfield tag="008">090526s1815####|||||||||||||||||#||####u</controlfield>
    <datafield tag="050" ind1=" " ind2=" ">
      <subfield code="a">34(439)</subfield>
    </datafield>
    <datafield tag="100" ind1=" " ind2=" ">
      <subfield code="a">Kovachich, Josephus Nicolaus</subfield>
    </datafield>
    <datafield tag="245" ind1="1" ind2="0">
      <subfield code="a">Monumenta Veteris Legislationis Hungaricae, que nunc primum detecta, ex originalibus authenticis fideliter desumsit, et vulgavit</subfield>
      <subfield code="c">Josephus Nicolaus Kovachich</subfield>
      <subfield code="h">[Carte tipărită]</subfield>
    </datafield>
    <datafield tag="260" ind1=" " ind2=" ">
      <subfield code="a">Claudiopoli</subfield>
      <subfield code="b">Impress Typis Collegii Reformatorum</subfield>
      <subfield code="c">1815</subfield>
    </datafield>
    <datafield tag="300" ind1=" " ind2=" ">
      <subfield code="a">76 p. ; 22 cm</subfield>
    </datafield>
    <datafield tag="350" ind1=" " ind2=" ">
      <subfield code="a">0.00</subfield>
    </datafield>
    <datafield tag="650" ind1=" " ind2=" ">
      <subfield code="a">legislaţie</subfield>
    </datafield>
    <datafield tag="650" ind1=" " ind2=" ">
      <subfield code="a">drept</subfield>
    </datafield>
    <datafield tag="856" ind1=" " ind2=" ">
      <subfield code="u">http://www.dspace.bjastrasibiu.ro/bitstream/123456789/10682/1/BJA_CS_005580_CSV_0001-0080.pdf</subfield>
    </datafield>
    <datafield tag="995" ind1=" " ind2=" ">
      <subfield code="a">Colecţii Speciale - CS</subfield>
      <subfield code="D">0.01</subfield>
      <subfield code="e">5580CVS</subfield>
      <subfield code="F">Sediul_Central_A</subfield>
      <subfield code="H">1</subfield>
      <subfield code="I">0.00</subfield>
      <subfield code="j">T2-13</subfield>
      <subfield code="U">Available</subfield>
      <subfield code="W">May 26, 2009</subfield>
      <subfield code="X">Colegiul Naţional ''Gheorghe Lazăr'' Sibiu</subfield>
      <subfield code="y">5580CVS</subfield>
      <subfield code="Z">Împrumut la Sala</subfield>
    </datafield>
  </record>