
  <record>
    <leader>00000nam a2200000 a 4500</leader>
    <controlfield tag="001">BJSB288942</controlfield>
    <controlfield tag="008">090506s1838####|||||||||||||||||#||####u</controlfield>
    <datafield tag="050" ind1=" " ind2=" ">
      <subfield code="a">58(498.5)</subfield>
    </datafield>
    <datafield tag="100" ind1=" " ind2=" ">
      <subfield code="a">Rochel, Anton</subfield>
    </datafield>
    <datafield tag="245" ind1="1" ind2="0">
      <subfield code="a">Botanische Reise in das Banat im Jahre 1835, nebst Gelegenheits-Bemerkungen und einem Verzeichniss aller bis zur Stunde daselbst vorgefundenen wildwachsenden phaneroganen Pflanzen, sammt topographischen Beiträgen über den südöstlichsten Theil des Donau-Stromes im österreichischen Kaiserthum</subfield>
      <subfield code="c">Anton Rochel</subfield>
      <subfield code="h">[Carte tipărită]</subfield>
    </datafield>
    <datafield tag="260" ind1=" " ind2=" ">
      <subfield code="a">Pesth; Leipzig</subfield>
      <subfield code="b">Otto Wigand</subfield>
      <subfield code="c">1838</subfield>
    </datafield>
    <datafield tag="260" ind1=" " ind2=" ">
      <subfield code="a">Pesth; Leipzig</subfield>
      <subfield code="b">Gustav Heckenast</subfield>
      <subfield code="c">1838</subfield>
    </datafield>
    <datafield tag="300" ind1=" " ind2=" ">
      <subfield code="a">90 p. ; 22 cm</subfield>
    </datafield>
    <datafield tag="350" ind1=" " ind2=" ">
      <subfield code="a">0.00</subfield>
    </datafield>
    <datafield tag="650" ind1=" " ind2=" ">
      <subfield code="a">botanică</subfield>
    </datafield>
    <datafield tag="650" ind1=" " ind2=" ">
      <subfield code="a">științe biologice</subfield>
    </datafield>
    <datafield tag="650" ind1=" " ind2=" ">
      <subfield code="a">plante</subfield>
    </datafield>
    <datafield tag="856" ind1=" " ind2=" ">
      <subfield code="u">http://www.dspace.bjastrasibiu.ro/bitstream/123456789/10681/1/BJA_CS_005695_CSV_0001-0106.pdf</subfield>
    </datafield>
    <datafield tag="995" ind1=" " ind2=" ">
      <subfield code="a">Colecţii Speciale - CS</subfield>
      <subfield code="D">0.01</subfield>
      <subfield code="e">5695CVS</subfield>
      <subfield code="F">Sediul_Central_A</subfield>
      <subfield code="H">1</subfield>
      <subfield code="I">0.00</subfield>
      <subfield code="j">T2-14</subfield>
      <subfield code="U">Available</subfield>
      <subfield code="W">May 6, 2009</subfield>
      <subfield code="X">Colegiul Naţional ''Gheorghe Lazăr'' Sibiu</subfield>
      <subfield code="y">5695CVS</subfield>
      <subfield code="Z">Împrumut la Sala</subfield>
    </datafield>
  </record>