
  <record>
    <leader>00000nam a2200000 a 4500</leader>
    <controlfield tag="001">BJSB286958</controlfield>
    <controlfield tag="008">090410s1748####|||||||||||||||||#||####u</controlfield>
    <datafield tag="050" ind1=" " ind2=" ">
      <subfield code="a">94(439)</subfield>
    </datafield>
    <datafield tag="100" ind1=" " ind2=" ">
      <subfield code="a">Schwandner, Johann Georg von</subfield>
    </datafield>
    <datafield tag="245" ind1="1" ind2="0">
      <subfield code="a">Scriptores rerum Hungaricarum veteres, ac genuini - Vol. 3 : Dalmaticarum, Croaticarum, et Sclavonicarum partim primum, partim antehac quidem editi, nunc vero ex rarissimis et optimis editionibus, aliorumque auctorum commentariis... ac passim necessariis observationibus illustrati, praeterea adcuratissimis mappis geographicis exornati, et cum amplissima praefatione Matthiae Belii, ... Cura et studio Ioannis Georgii Schwandtneri... Impensis Ioannis Pauli Kraus, bibliopolae Vindobonensis. MDCCXLVIII</subfield>
      <subfield code="c">cum amplissima praefatione Matthiae Belii, nec non instructissimo rerum verborumque indice, in nitidissimam hanc formam redacti. Cura et studio Ioannis Georgii Schwandtneri Austriaci Stadelkirchensis</subfield>
      <subfield code="h">[Carte tipărită]</subfield>
    </datafield>
    <datafield tag="260" ind1=" " ind2=" ">
      <subfield code="a">Vindobonae [Viena]</subfield>
      <subfield code="b">Impensis Joannis Pauli Krauss</subfield>
      <subfield code="c">1748</subfield>
    </datafield>
    <datafield tag="300" ind1=" " ind2=" ">
      <subfield code="a">[4] f., XLIV, 794 p., [23] p., 5 h. : il. ; 34 cm</subfield>
    </datafield>
    <datafield tag="350" ind1=" " ind2=" ">
      <subfield code="a">0.00</subfield>
    </datafield>
    <datafield tag="500" ind1=" " ind2=" ">
      <subfield code="a">Greșeli de paginație: p. 259 e numerotată 295, p. 593 e numerotată 595, p. 594 e numerotată 596, numerotarea continuând greșit. Legătura: coperți de carton marmorat. Observații: ștampilă ovală cu textul „Biblioteca Astra Sibiu” pe: fila 1 r, fila 2 r, pagina de titlu r, p. 101, 201, 301, 401, 501, 601, 701, pe ultima pagină - sub text și pe verso-ul hărților; ștampilă ovală cu textul: „KONYVTARA N. SZEBENI KIR. FÖFYMN. TANARI” - pe pagina de titlu r; ștampilă dreptunghiulară cu textul: „LICEUL GH. LAZĂR - SIBIU. Biblioteca Profesorilor” pe pagina de titlu r; paginile - cu patină vulgară - au custode; stare de conservare bună. Ornamentație: vinietă finală de formă dreptunghiulară înfățișând motive fitomorfe, în centrul căreia se află un îngeraș care ține în ambele mâini câte o făclie – p. XLII; vinietă-frontispiciu compusă din motive florale stilizate – p. XLIV, p. I și p. 1 nenumerotată; titlul - în negru și roșu; gravură: fila 2 r nenumerotată: gravură în plină pagină reprezentând un portic între coloanele căruia se găsește un postament surmontat de un bloc de piatră pe care este înscris textul „Justitia et Clementia”. Pe bloc este așezată o pernă surmontată de o coroană cu o spadă și un sceptru ce se încrucișează. Pe coloana din stânga a porticului sunt doi putti. Partea inferioară a gravurii reprezintă un înger gravând cu ajutorul unui ciocan și al unei dălți, titlul general al lucrării: „SCRIPTORES RERUM HUNGARICARUM”, fiind semnată „Tobias Lobeck AU”;  inițiale îngropate; inițiale istoriate, în metal, realizate (dar nesemnate) de A(ndreas) Nunzer, pe fondul fiecărei inițiale fiind gravat un oraș/fortificație/castel din Ungaria medievală unde s-au desfășurat lupte împotriva Imperiului Otoman; viniete finale formate din elemente vegetale; șiruri de ornamente tipografice folosite ca elemente despărțitoare de capitole; toate gravurile - în metal - sunt semnate „ A. Nunzer sc.”; p.1: gravură înfățișând în plan central o femeie ținând în mâna stângă o făclie, cu dreapta sprijinind blazonul Dalmației și Croației medievale (trei lei încoronați), partea dreaptă a acestuia fiind susținută de un înger înconjurat de o eșarfă pe care este înscrisă deviza: „RENATA LUCE IAM); p. 794: gravură înfățișând în partea centrală superioară un cap de leu susținut de un sceptru și o sabie încrucișate, iar în planul central - în partea inferioară fiind reprezentați patru capete de putti care sună din trompetă; părțile laterale înfățișează o ghirlandă formată din motive vegetale, pe care este înfășurată o panglică pe care scrie: „ROBURQUE DECUSQUE”.</subfield>
    </datafield>
    <datafield tag="650" ind1=" " ind2=" ">
      <subfield code="a">istorie</subfield>
    </datafield>
    <datafield tag="650" ind1=" " ind2=" ">
      <subfield code="a">istoria Ungariei</subfield>
    </datafield>
    <datafield tag="856" ind1=" " ind2=" ">
      <subfield code="u">http://www.dspace.bjastrasibiu.ro/bitstream/123456789/10672/1/BJA_CS_004918_CSV_0001-0884.pdf</subfield>
    </datafield>
    <datafield tag="995" ind1=" " ind2=" ">
      <subfield code="a">Colecţii Speciale - CS</subfield>
      <subfield code="D">0.01</subfield>
      <subfield code="e">4918CVS</subfield>
      <subfield code="F">Sediul_Central_A</subfield>
      <subfield code="H">1</subfield>
      <subfield code="I">0.00</subfield>
      <subfield code="j">T1-538</subfield>
      <subfield code="U">Available</subfield>
      <subfield code="W">Apr 10, 2009</subfield>
      <subfield code="X">Colegiul Naţional ''Gheorghe Lazăr'' Sibiu</subfield>
      <subfield code="y">4918CVS</subfield>
      <subfield code="Z">Împrumut la Sala</subfield>
    </datafield>
  </record>