
  <record>
    <leader>00000nam a2200000 a 4500</leader>
    <controlfield tag="001">BJSB63356</controlfield>
    <controlfield tag="008">021219s1744####|||||||||||||||||#||####u</controlfield>
    <datafield tag="050" ind1=" " ind2=" ">
      <subfield code="a">94(498.4)"16/17"; 94(439)"16/17"</subfield>
    </datafield>
    <datafield tag="100" ind1=" " ind2=" ">
      <subfield code="a">Fasching, Francisco, R. P.</subfield>
    </datafield>
    <datafield tag="245" ind1="1" ind2="0">
      <subfield code="a">Nova Dacia Sive Principatus Transilvaniae. Pars Quinta. Honoribus Illustrissimi ac Magnif. Dom. Dom. Comitis Antonii Kornis L. B. de Göncz-Ruszka... dicata. Dum in Alma ac Regio-Principali Soc. JESU Universitate Claudiopolitana. ...DD. Nicolaus Szeredai de Sz. Háromság &amp; Franciscus Zambler de Csernáton è Conv. Nob. Theologiae Polemicae Auditores Controv. Fidei publicè propugnarent sub R. P. Francisco Fasching...</subfield>
      <subfield code="c">R. P. Francisco Fasching</subfield>
      <subfield code="h">[Carte tipărită]</subfield>
    </datafield>
    <datafield tag="260" ind1=" " ind2=" ">
      <subfield code="a">Claudiopoli [Cluj-Napoca]</subfield>
      <subfield code="b">Typ. Acad. S.J. per Micha Becskereki</subfield>
      <subfield code="c">1744</subfield>
    </datafield>
    <datafield tag="300" ind1=" " ind2=" ">
      <subfield code="a">[8 p.], 128 p. ; 16 cm</subfield>
    </datafield>
    <datafield tag="350" ind1=" " ind2=" ">
      <subfield code="a">0.00</subfield>
    </datafield>
    <datafield tag="500" ind1=" " ind2=" ">
      <subfield code="a">Cuprinde lista regilor maghiari și a principilor Transilvaniei Legătura: coperți din carton recent, stare de conservare bună Însemnări: pe recto-ul paginii de titlu text ilizibil; pag. 121 conține textul: „Anno 1870.29.Novemb. obiit immortalis reminiscentia Marie Theresie Succesitus Josephus II. Observații: pe recto-ul paginii de titlu și pe ultima pagină, ștampilă dreptunghiulară cu textul: „Biblioteca Astra Sibiu ”; ștampilă ovală cu textul „Biblioteca Astra Sibiu” pe recto-ul paginii de titlu.</subfield>
    </datafield>
    <datafield tag="650" ind1=" " ind2=" ">
      <subfield code="a">Principatul Transilvaniei</subfield>
    </datafield>
    <datafield tag="650" ind1=" " ind2=" ">
      <subfield code="a">istoria Transilvaniei</subfield>
    </datafield>
    <datafield tag="650" ind1=" " ind2=" ">
      <subfield code="a">istoria Ungariei</subfield>
    </datafield>
    <datafield tag="650" ind1=" " ind2=" ">
      <subfield code="a">regi</subfield>
    </datafield>
    <datafield tag="650" ind1=" " ind2=" ">
      <subfield code="a">istorie</subfield>
    </datafield>
    <datafield tag="856" ind1=" " ind2=" ">
      <subfield code="u">http://www.dspace.bjastrasibiu.ro/bitstream/123456789/10648/1/BJA_CS_000248_T_0001-0150.pdf</subfield>
    </datafield>
    <datafield tag="995" ind1=" " ind2=" ">
      <subfield code="a">Colecţii Speciale - Transilvanice</subfield>
      <subfield code="D">0.01</subfield>
      <subfield code="e">T00248</subfield>
      <subfield code="F">Sediul_Central_A</subfield>
      <subfield code="j">534 T1</subfield>
      <subfield code="U">Available</subfield>
      <subfield code="W">Jan 31, 2020</subfield>
      <subfield code="y">T00248</subfield>
      <subfield code="Z">Împrumut la Sala</subfield>
    </datafield>
  </record>
</collection>